{"s": "BTCUSDT", "b": [["85043.5", "0.001"], ["85009.9", "0.001"], ["85009", "0.029"], ["85000", "0.009"], ["84993.8", "0.001"], ["84979.6", "0.002"], ["84965", "0.001"], ["84954.9", "0.001"], ["84819.1", "0.001"], ["84809.1", "0.001"], ["84760.3", "0.07"], ["84676.5", "0.001"], ["84658.1", "0.001"], ["84624", "0.001"], ["84609.3", "0.001"], ["84601.6", "0.007"], ["84500", "0.009"], ["84443.4", "0.08"], ["84389.1", "0.001"], ["84353.1", "20"], ["84280", "0.364"], ["84272.7", "0.001"], ["84230.6", "0.001"], ["84222.9", "0.001"], ["84109.4", "0.001"], ["84077.5", "0.001"], ["84000", "0.01"], ["83990.2", "0.001"], ["83968", "0.001"], ["83897", "0.002"], ["83887.3", "0.001"], ["83818.1", "0.002"], ["83799.9", "0.015"], ["83754.6", "0.001"], ["83682.3", "0.002"], ["83670", "0.029"], ["83501.9", "0.001"], ["83500", "0.009"], ["83379.3", "0.008"], ["83343.9", "0.001"], ["83325.2", "0.002"], ["83312", "0.001"], ["83264", "0.001"], ["83262.4", "0.004"], ["83248.6", "0.001"], ["83224", "0.015"], ["83180.6", "20"], ["83169", "0.738"], ["83145.1", "0.001"], ["83116.5", "0.001"], ["83000", "0.012"], ["82984.3", "0.001"], ["82947.6", "0.001"], ["82900", "0.001"], ["82886.3", "0.026"], ["82814.5", "0.002"], ["82770.7", "0.001"], ["82731.1", "0.001"], ["82656", "0.001"], ["82603.7", "0.003"], ["82526.7", "0.001"], ["82523.6", "0.002"], ["82500", "0.009"], ["82457.3", "0.001"], ["82418.5", "0.001"], ["82345.7", "0.001"], ["82331", "0.029"], ["82266.6", "0.015"], ["82250.8", "0.001"], ["82212.8", "0.001"], ["82045.3", "0.001"], ["82008.2", "20"], ["82000", "0.011"], ["81960.3", "0.001"], ["81731.9", "0.002"], ["81644.8", "0.001"], ["81574.9", "0.001"], ["81573", "0.001"], ["81570.7", "0.001"], ["81506", "0.001"], ["81500", "0.009"], ["81344", "0.001"], ["81330.5", "0.002"], ["81318.6", "0.001"], ["81297.3", "0.001"], ["81280.4", "0.001"], ["81190.7", "0.001"], ["81189.5", "0.001"], ["81156.7", "0.08"], ["81074.6", "0.003"], ["81031.8", "0.015"], ["81000", "0.01"], ["80835.7", "20"], ["80804.1", "0.001"], ["80733.3", "0.015"], ["80727.6", "0.001"], ["80688", "0.001"], ["80684", "0.001"], ["80649.4", "0.002"], ["80626.5", "0.008"], ["80586.5", "0.001"], ["80500", "0.009"], ["80418.7", "0.001"], ["80381.9", "0.001"], ["80348", "0.001"], ["80336.1", "0.001"], ["80316.6", "0.001"], ["80234.3", "0.001"], ["80178.4", "0.001"], ["80064.5", "0.001"], ["80033.3", "0.001"], ["80032", "0.001"], ["80000", "0.011"], ["79882.1", "0.001"], ["79866.5", "0.001"], ["79813.4", "0.001"], ["79797.4", "0.001"], ["79756.5", "0.001"], ["79684.5", "0.001"], ["79663.3", "20"], ["79647.9", "0.001"], ["79566.8", "0.002"], ["79481.4", "0.001"], ["79430.8", "0.001"], ["79415.7", "0.001"], ["79392.1", "0.004"], ["79376", "0.001"], ["79335.9", "0.002"], ["79288.2", "0.002"], ["79262.5", "0.001"], ["79255.3", "0.001"], ["79199.9", "0.015"], ["79036.7", "0.001"], ["79026.6", "0.001"], ["79013.5", "0.001"], ["78910.7", "0.001"], ["78877", "0.001"], ["78839.6", "0.015"], ["78729.1", "0.001"], ["78720", "0.001"], ["78719.2", "0.003"], ["78626.8", "0.001"], ["78623", "0.001"], ["78596.9", "0.002"], ["78569.4", "0.001"], ["78545.4", "0.001"], ["78490.8", "20"], ["78484.3", "0.002"], ["78483.3", "0.001"], ["78414.4", "0.001"], ["78295.9", "0.001"], ["78191.2", "0.001"], ["78065", "0.001"], ["78064", "0.001"], ["78024.1", "0.001"], ["77941.9", "0.001"], ["77910", "0.029"], ["77873.6", "0.008"], ["77870.1", "0.08"], ["77831.7", "0.006"], ["77772.1", "0.001"], ["77676.4", "0.01"], ["77666.6", "0.015"], ["77580.4", "0.068"], ["77550.9", "0.001"], ["77408", "0.001"], ["77401.7", "0.002"], ["77397.7", "0.001"], ["77345.8", "0.001"], ["77341.2", "0.002"], ["77328.1", "0.001"], ["77318.4", "20"], ["77220.7", "0.007"], ["77181.4", "0.001"], ["77154", "0.001"], ["77137.5", "0.001"], ["77115.2", "0.001"], ["77006.5", "0.01"], ["77000", "0.002"], ["76973.7", "0.039"], ["76962.3", "0.001"], ["76951.5", "0.001"], ["76936.1", "0.012"], ["76917.5", "0.001"], ["76888.9", "0.001"], ["76796.8", "0.001"], ["76752", "0.001"], ["76647.4", "0.015"], ["76629.7", "0.002"], ["76618.5", "0.001"], ["76500.3", "0.001"], ["76396.7", "0.001"], ["76364", "0.001"], ["76363.8", "0.003"], ["76341.1", "0.004"], ["76336.6", "0.01"], ["76319.2", "0.002"], ["76265.5", "0.001"], ["76250.8", "0.001"], ["76203.3", "0.003"]], "a": [["85078.7", "0.001"], ["85088.7", "948.505"], ["85814.3", "0.001"], ["85936", "0.001"], ["86000", "0.009"], ["86003.8", "0.001"], ["86199.7", "0.001"], ["86318.5", "0.001"], ["86500", "0.009"], ["86585.1", "0.001"], ["86592", "0.001"], ["86645.8", "0.001"], ["86866.6", "0.015"], ["86867.5", "0.001"], ["86874.6", "0.001"], ["86890.5", "0.001"], ["86970.5", "0.001"], ["87000", "0.009"], ["87127.1", "0.001"], ["87144.6", "0.002"], ["87173.2", "0.001"], ["87248", "0.001"], ["87314.5", "0.002"], ["87355.9", "0.001"], ["87491.3", "0.001"], ["87500", "0.009"], ["87608.3", "0.015"], ["87686.9", "0.029"], ["87741.3", "0.001"], ["87777.1", "0.001"], ["87807", "0.001"], ["87818.7", "0.001"], ["87904", "0.001"], ["88000", "0.009"], ["88027.8", "0.001"], ["88126.7", "0.001"], ["88227.2", "0.002"], ["88336.7", "0.001"], ["88399.9", "0.015"], ["88500", "0.009"], ["88512.1", "0.001"], ["88521.9", "0.094"], ["88522", "0.099"], ["88522.1", "0.105"], ["88522.2", "0.098"], ["88522.3", "0.089"], ["88522.4", "0.102"], ["88522.5", "0.088"], ["88522.6", "0.095"], ["88560", "0.001"], ["88579.2", "0.001"], ["88652.3", "0.135"], ["88652.4", "0.163"], ["88652.5", "0.135"], ["88652.6", "0.145"], ["88652.7", "0.13"], ["88652.8", "0.132"], ["88652.9", "0.13"], ["88653", "0.164"], ["88663.8", "0.001"], ["88691.2", "0.053"], ["88691.3", "0.054"], ["88691.4", "0.038"], ["88691.5", "0.036"], ["88691.6", "0.041"], ["88691.7", "0.054"], ["88691.8", "0.051"], ["88691.9", "0.047"], ["88725.4", "0.001"], ["88739.4", "0.001"], ["88770", "0.001"], ["88882.4", "0.001"], ["88884.9", "0.008"], ["88897.5", "0.001"], ["89000", "0.011"], ["89025.9", "0.029"], ["89182.2", "0.001"], ["89216", "0.001"], ["89282.9", "0.001"], ["89309.1", "0.002"], ["89309.7", "0.002"], ["89404", "0.001"], ["89500", "0.009"], ["89550.4", "0.001"], ["89668.3", "0.001"], ["89671.7", "0.001"], ["89721.2", "0.001"], ["89737.1", "0.001"], ["89800.5", "0.015"], ["89872", "0.001"], ["89933.3", "0.015"], ["90000", "0.009"], ["90027.6", "0.001"], ["90031.3", "0.001"], ["90053.7", "0.001"], ["90133.4", "0.002"], ["90266.7", "0.002"], ["90364.9", "0.029"], ["90377", "0.002"], ["90392.3", "0.002"], ["90400", "0.002"], ["90437", "0.001"], ["90439.1", "0.001"], ["90500", "0.009"], ["90528", "0.001"], ["90533.4", "0.002"], ["90591.7", "0.001"], ["90604.1", "0.001"], ["90666.7", "0.002"], ["90672.4", "0.001"], ["90800", "0.002"], ["90824.5", "0.001"], ["90873.1", "0.001"], ["90933.4", "0.002"], ["91000", "0.009"], ["91016.6", "0.08"], ["91066.7", "0.002"], ["91184", "0.001"], ["91200", "0.002"], ["91209.9", "0.001"], ["91214.1", "0.001"], ["91303.8", "0.002"], ["91323.7", "0.001"], ["91333.4", "0.002"], ["91446.4", "0.001"], ["91466.6", "0.015"], ["91466.7", "0.002"], ["91474.8", "0.002"], ["91483.4", "0.001"], ["91500", "0.009"], ["91536.5", "0.001"], ["91595.3", "0.001"], ["91600", "0.002"], ["91623.7", "0.001"], ["91637.7", "0.008"], ["91691.6", "0.001"], ["91696.4", "0.001"], ["91703.9", "0.029"], ["91718.5", "0.001"], ["91733.4", "0.002"], ["91840", "0.001"], ["91866.7", "0.002"], ["91962.7", "0.001"], ["91980.8", "0.001"], ["91992.7", "0.015"], ["92000", "0.013"], ["92133.4", "0.002"], ["92210.3", "0.001"], ["92266.7", "0.002"], ["92301", "0.001"], ["92366.2", "0.001"], ["92377.2", "0.001"], ["92400", "0.002"], ["92457.4", "0.001"], ["92468.8", "0.001"], ["92470.4", "0.002"], ["92491.3", "0.001"], ["92496", "0.001"], ["92500", "0.009"], ["92533.4", "0.002"], ["92557.4", "0.002"], ["92564", "0.001"], ["92574.9", "0.001"], ["92666.7", "0.002"], ["92751.6", "0.001"], ["92800", "0.002"], ["92933.4", "0.002"], ["92935.6", "0.001"], ["93000", "0.024"], ["93042.8", "0.029"], ["93066.7", "0.002"], ["93096.9", "0.001"], ["93137", "0.001"], ["93152", "0.001"], ["93155.6", "0.001"], ["93200", "0.002"], ["93254", "0.001"], ["93254.2", "0.001"], ["93298.4", "0.002"], ["93333.4", "0.002"], ["93401.2", "0.001"], ["93409.5", "0.001"], ["93466.7", "0.002"], ["93500", "0.009"], ["93522.4", "0.001"], ["93526.1", "0.001"], ["93600", "0.002"], ["93639.9", "0.002"], ["93727.2", "0.001"], ["93733.4", "0.002"], ["93794.5", "0.001"], ["93808", "0.001"], ["93866.7", "0.002"], ["93907.8", "0.001"], ["93983.6", "0.001"], ["93988.8", "0.001"], ["94000", "0.011"], ["94010.3", "0.001"], ["94088.4", "0.001"], ["94133.4", "0.002"]], "ts": 1752417668493, "u": 380402, "seq": 9491714652, "cts": 1752417668258}
{"s": "BTCUSDT", "b": [["85009.9", "0.001"], ["85009", "0.029"], ["85000", "0.009"], ["84993.8", "0.001"], ["84979.6", "0.002"], ["84965", "0.001"], ["84954.9", "0.001"], ["84819.1", "0.001"], ["84809.1", "0.001"], ["84760.3", "0.07"], ["84741.7", "0.002"], ["84676.5", "0.001"], ["84658.1", "0.001"], ["84624", "0.001"], ["84609.3", "0.001"], ["84601.6", "0.007"], ["84500", "0.009"], ["84443.4", "0.08"], ["84389.1", "0.001"], ["84353.1", "20"], ["84280", "0.364"], ["84272.7", "0.001"], ["84230.6", "0.001"], ["84222.9", "0.001"], ["84109.4", "0.001"], ["84077.5", "0.001"], ["84000", "0.01"], ["83990.2", "0.001"], ["83968", "0.001"], ["83897", "0.002"], ["83887.3", "0.001"], ["83818.1", "0.002"], ["83799.9", "0.015"], ["83754.6", "0.001"], ["83682.3", "0.002"], ["83670", "0.029"], ["83501.9", "0.001"], ["83500", "0.009"], ["83379.3", "0.008"], ["83343.9", "0.001"], ["83325.2", "0.002"], ["83312", "0.001"], ["83264", "0.001"], ["83262.4", "0.004"], ["83248.6", "0.001"], ["83224", "0.015"], ["83180.6", "20"], ["83169", "0.738"], ["83145.1", "0.001"], ["83116.5", "0.001"], ["83000", "0.012"], ["82984.3", "0.001"], ["82947.6", "0.001"], ["82900", "0.001"], ["82886.3", "0.026"], ["82814.5", "0.002"], ["82770.7", "0.001"], ["82731.1", "0.001"], ["82656", "0.001"], ["82603.7", "0.003"], ["82526.7", "0.001"], ["82523.6", "0.002"], ["82500", "0.009"], ["82457.3", "0.001"], ["82418.5", "0.001"], ["82345.7", "0.001"], ["82331", "0.029"], ["82266.6", "0.015"], ["82250.8", "0.001"], ["82212.8", "0.001"], ["82045.3", "0.001"], ["82008.2", "20"], ["82000", "0.011"], ["81960.3", "0.001"], ["81731.9", "0.002"], ["81644.8", "0.001"], ["81574.9", "0.001"], ["81573", "0.001"], ["81570.7", "0.001"], ["81506", "0.001"], ["81500", "0.009"], ["81344", "0.001"], ["81330.5", "0.002"], ["81318.6", "0.001"], ["81297.3", "0.001"], ["81280.4", "0.001"], ["81190.7", "0.001"], ["81189.5", "0.001"], ["81156.7", "0.08"], ["81074.6", "0.003"], ["81031.8", "0.015"], ["81000", "0.01"], ["80835.7", "20"], ["80804.1", "0.001"], ["80733.3", "0.015"], ["80727.6", "0.001"], ["80688", "0.001"], ["80684", "0.001"], ["80649.4", "0.002"], ["80626.5", "0.008"], ["80586.5", "0.001"], ["80500", "0.009"], ["80418.7", "0.001"], ["80381.9", "0.001"], ["80348", "0.001"], ["80336.1", "0.001"], ["80316.6", "0.001"], ["80234.3", "0.001"], ["80178.4", "0.001"], ["80064.5", "0.001"], ["80033.3", "0.001"], ["80032", "0.001"], ["80000", "0.011"], ["79882.1", "0.001"], ["79866.5", "0.001"], ["79813.4", "0.001"], ["79797.4", "0.001"], ["79756.5", "0.001"], ["79684.5", "0.001"], ["79663.3", "20"], ["79647.9", "0.001"], ["79566.8", "0.002"], ["79481.4", "0.001"], ["79430.8", "0.001"], ["79415.7", "0.001"], ["79392.1", "0.004"], ["79376", "0.001"], ["79335.9", "0.002"], ["79288.2", "0.002"], ["79262.5", "0.001"], ["79255.3", "0.001"], ["79199.9", "0.015"], ["79036.7", "0.001"], ["79026.6", "0.001"], ["79013.5", "0.001"], ["78910.7", "0.001"], ["78877", "0.001"], ["78839.6", "0.015"], ["78729.1", "0.001"], ["78720", "0.001"], ["78719.2", "0.003"], ["78626.8", "0.001"], ["78623", "0.001"], ["78596.9", "0.002"], ["78569.4", "0.001"], ["78545.4", "0.001"], ["78490.8", "20"], ["78484.3", "0.002"], ["78483.3", "0.001"], ["78414.4", "0.001"], ["78295.9", "0.001"], ["78191.2", "0.001"], ["78065", "0.001"], ["78064", "0.001"], ["78024.1", "0.001"], ["77941.9", "0.001"], ["77910", "0.029"], ["77873.6", "0.008"], ["77870.1", "0.08"], ["77831.7", "0.006"], ["77772.1", "0.001"], ["77676.4", "0.01"], ["77666.6", "0.015"], ["77580.4", "0.068"], ["77550.9", "0.001"], ["77408", "0.001"], ["77401.7", "0.002"], ["77397.7", "0.001"], ["77345.8", "0.001"], ["77341.2", "0.002"], ["77328.1", "0.001"], ["77318.4", "20"], ["77220.7", "0.007"], ["77181.4", "0.001"], ["77154", "0.001"], ["77137.5", "0.001"], ["77115.2", "0.001"], ["77006.5", "0.01"], ["77000", "0.002"], ["76973.7", "0.039"], ["76962.3", "0.001"], ["76951.5", "0.001"], ["76936.1", "0.012"], ["76917.5", "0.001"], ["76888.9", "0.001"], ["76796.8", "0.001"], ["76752", "0.001"], ["76647.4", "0.015"], ["76629.7", "0.002"], ["76618.5", "0.001"], ["76500.3", "0.001"], ["76396.7", "0.001"], ["76364", "0.001"], ["76363.8", "0.003"], ["76341.1", "0.004"], ["76336.6", "0.01"], ["76319.2", "0.002"], ["76265.5", "0.001"], ["76250.8", "0.001"], ["76203.3", "0.003"]], "a": [["85081.4", "0.002"], ["85088.7", "948.505"], ["85428.9", "0.001"], ["85814.3", "0.001"], ["85936", "0.001"], ["86000", "0.009"], ["86003.8", "0.001"], ["86199.7", "0.001"], ["86318.5", "0.001"], ["86500", "0.009"], ["86585.1", "0.001"], ["86592", "0.001"], ["86645.8", "0.001"], ["86866.6", "0.015"], ["86867.5", "0.001"], ["86874.6", "0.001"], ["86890.5", "0.001"], ["86970.5", "0.001"], ["87000", "0.009"], ["87127.1", "0.001"], ["87144.6", "0.002"], ["87173.2", "0.001"], ["87248", "0.001"], ["87314.5", "0.002"], ["87355.9", "0.001"], ["87491.3", "0.001"], ["87500", "0.009"], ["87608.3", "0.015"], ["87686.9", "0.029"], ["87741.3", "0.001"], ["87777.1", "0.001"], ["87807", "0.001"], ["87818.7", "0.001"], ["87904", "0.001"], ["88000", "0.009"], ["88027.8", "0.001"], ["88126.7", "0.001"], ["88227.2", "0.002"], ["88336.7", "0.001"], ["88399.9", "0.015"], ["88500", "0.009"], ["88512.1", "0.001"], ["88521.9", "0.094"], ["88522", "0.099"], ["88522.1", "0.105"], ["88522.2", "0.098"], ["88522.3", "0.089"], ["88522.4", "0.102"], ["88522.5", "0.088"], ["88522.6", "0.095"], ["88560", "0.001"], ["88579.2", "0.001"], ["88652.3", "0.135"], ["88652.4", "0.163"], ["88652.5", "0.135"], ["88652.6", "0.145"], ["88652.7", "0.13"], ["88652.8", "0.132"], ["88652.9", "0.13"], ["88653", "0.164"], ["88663.8", "0.001"], ["88691.2", "0.053"], ["88691.3", "0.054"], ["88691.4", "0.038"], ["88691.5", "0.036"], ["88691.6", "0.041"], ["88691.7", "0.054"], ["88691.8", "0.051"], ["88691.9", "0.047"], ["88725.4", "0.001"], ["88739.4", "0.001"], ["88770", "0.001"], ["88882.4", "0.001"], ["88884.9", "0.008"], ["88897.5", "0.001"], ["89000", "0.011"], ["89025.9", "0.029"], ["89182.2", "0.001"], ["89216", "0.001"], ["89282.9", "0.001"], ["89309.1", "0.002"], ["89309.7", "0.002"], ["89404", "0.001"], ["89500", "0.009"], ["89550.4", "0.001"], ["89668.3", "0.001"], ["89671.7", "0.001"], ["89721.2", "0.001"], ["89737.1", "0.001"], ["89800.5", "0.015"], ["89872", "0.001"], ["89933.3", "0.015"], ["90000", "0.009"], ["90027.6", "0.001"], ["90031.3", "0.001"], ["90053.7", "0.001"], ["90133.4", "0.002"], ["90266.7", "0.002"], ["90364.9", "0.029"], ["90377", "0.002"], ["90392.3", "0.002"], ["90400", "0.002"], ["90437", "0.001"], ["90439.1", "0.001"], ["90500", "0.009"], ["90528", "0.001"], ["90533.4", "0.002"], ["90591.7", "0.001"], ["90604.1", "0.001"], ["90666.7", "0.002"], ["90672.4", "0.001"], ["90800", "0.002"], ["90824.5", "0.001"], ["90873.1", "0.001"], ["90933.4", "0.002"], ["91000", "0.009"], ["91016.6", "0.08"], ["91066.7", "0.002"], ["91184", "0.001"], ["91200", "0.002"], ["91209.9", "0.001"], ["91214.1", "0.001"], ["91303.8", "0.002"], ["91323.7", "0.001"], ["91333.4", "0.002"], ["91446.4", "0.001"], ["91466.6", "0.015"], ["91466.7", "0.002"], ["91474.8", "0.002"], ["91483.4", "0.001"], ["91500", "0.009"], ["91536.5", "0.001"], ["91595.3", "0.001"], ["91600", "0.002"], ["91623.7", "0.001"], ["91637.7", "0.008"], ["91691.6", "0.001"], ["91696.4", "0.001"], ["91703.9", "0.029"], ["91718.5", "0.001"], ["91733.4", "0.002"], ["91840", "0.001"], ["91866.7", "0.002"], ["91962.7", "0.001"], ["91980.8", "0.001"], ["91992.7", "0.015"], ["92000", "0.013"], ["92133.4", "0.002"], ["92210.3", "0.001"], ["92266.7", "0.002"], ["92301", "0.001"], ["92366.2", "0.001"], ["92377.2", "0.001"], ["92400", "0.002"], ["92457.4", "0.001"], ["92468.8", "0.001"], ["92470.4", "0.002"], ["92491.3", "0.001"], ["92496", "0.001"], ["92500", "0.009"], ["92533.4", "0.002"], ["92557.4", "0.002"], ["92564", "0.001"], ["92574.9", "0.001"], ["92666.7", "0.002"], ["92751.6", "0.001"], ["92800", "0.002"], ["92933.4", "0.002"], ["92935.6", "0.001"], ["93000", "0.024"], ["93042.8", "0.029"], ["93066.7", "0.002"], ["93096.9", "0.001"], ["93137", "0.001"], ["93152", "0.001"], ["93155.6", "0.001"], ["93200", "0.002"], ["93254", "0.001"], ["93254.2", "0.001"], ["93298.4", "0.002"], ["93333.4", "0.002"], ["93401.2", "0.001"], ["93409.5", "0.001"], ["93466.7", "0.002"], ["93500", "0.009"], ["93522.4", "0.001"], ["93526.1", "0.001"], ["93600", "0.002"], ["93639.9", "0.002"], ["93727.2", "0.001"], ["93733.4", "0.002"], ["93794.5", "0.001"], ["93808", "0.001"], ["93866.7", "0.002"], ["93907.8", "0.001"], ["93983.6", "0.001"], ["93988.8", "0.001"], ["94000", "0.011"], ["94010.3", "0.001"], ["94088.4", "0.001"]], "ts": 1752417669993, "u": 380405, "seq": 9491714661, "cts": 1752417669914}
{"s": "BTCUSDT", "b": [["85009.9", "0.001"], ["85009", "0.029"], ["85000", "0.009"], ["84993.8", "0.001"], ["84979.6", "0.002"], ["84965", "0.001"], ["84954.9", "0.001"], ["84819.1", "0.001"], ["84809.1", "0.001"], ["84760.3", "0.07"], ["84741.7", "0.002"], ["84676.5", "0.001"], ["84658.1", "0.001"], ["84624", "0.001"], ["84609.3", "0.001"], ["84601.6", "0.007"], ["84500", "0.009"], ["84443.4", "0.08"], ["84389.1", "0.001"], ["84353.1", "20"], ["84280", "0.364"], ["84272.7", "0.001"], ["84230.6", "0.001"], ["84222.9", "0.001"], ["84109.4", "0.001"], ["84077.5", "0.001"], ["84000", "0.01"], ["83990.2", "0.001"], ["83968", "0.001"], ["83897", "0.002"], ["83887.3", "0.001"], ["83818.1", "0.002"], ["83799.9", "0.015"], ["83754.6", "0.001"], ["83682.3", "0.002"], ["83670", "0.029"], ["83501.9", "0.001"], ["83500", "0.009"], ["83379.3", "0.008"], ["83343.9", "0.001"], ["83325.2", "0.002"], ["83312", "0.001"], ["83264", "0.001"], ["83262.4", "0.004"], ["83248.6", "0.001"], ["83224", "0.015"], ["83180.6", "20"], ["83169", "0.738"], ["83145.1", "0.001"], ["83116.5", "0.001"], ["83000", "0.012"], ["82984.3", "0.001"], ["82947.6", "0.001"], ["82900", "0.001"], ["82886.3", "0.026"], ["82814.5", "0.002"], ["82770.7", "0.001"], ["82731.1", "0.001"], ["82656", "0.001"], ["82603.7", "0.003"], ["82526.7", "0.001"], ["82523.6", "0.002"], ["82500", "0.009"], ["82457.3", "0.001"], ["82418.5", "0.001"], ["82345.7", "0.001"], ["82331", "0.029"], ["82266.6", "0.015"], ["82250.8", "0.001"], ["82212.8", "0.001"], ["82045.3", "0.001"], ["82008.2", "20"], ["82000", "0.011"], ["81960.3", "0.001"], ["81731.9", "0.002"], ["81644.8", "0.001"], ["81574.9", "0.001"], ["81573", "0.001"], ["81570.7", "0.001"], ["81506", "0.001"], ["81500", "0.009"], ["81344", "0.001"], ["81330.5", "0.002"], ["81318.6", "0.001"], ["81297.3", "0.001"], ["81280.4", "0.001"], ["81190.7", "0.001"], ["81189.5", "0.001"], ["81156.7", "0.08"], ["81074.6", "0.003"], ["81031.8", "0.015"], ["81000", "0.01"], ["80835.7", "20"], ["80804.1", "0.001"], ["80733.3", "0.015"], ["80727.6", "0.001"], ["80688", "0.001"], ["80684", "0.001"], ["80649.4", "0.002"], ["80626.5", "0.008"], ["80586.5", "0.001"], ["80500", "0.009"], ["80418.7", "0.001"], ["80381.9", "0.001"], ["80348", "0.001"], ["80336.1", "0.001"], ["80316.6", "0.001"], ["80234.3", "0.001"], ["80178.4", "0.001"], ["80064.5", "0.001"], ["80033.3", "0.001"], ["80032", "0.001"], ["80000", "0.011"], ["79882.1", "0.001"], ["79866.5", "0.001"], ["79813.4", "0.001"], ["79797.4", "0.001"], ["79756.5", "0.001"], ["79684.5", "0.001"], ["79663.3", "20"], ["79647.9", "0.001"], ["79566.8", "0.002"], ["79481.4", "0.001"], ["79430.8", "0.001"], ["79415.7", "0.001"], ["79392.1", "0.004"], ["79376", "0.001"], ["79335.9", "0.002"], ["79288.2", "0.002"], ["79262.5", "0.001"], ["79255.3", "0.001"], ["79199.9", "0.015"], ["79036.7", "0.001"], ["79026.6", "0.001"], ["79013.5", "0.001"], ["78910.7", "0.001"], ["78877", "0.001"], ["78839.6", "0.015"], ["78729.1", "0.001"], ["78720", "0.001"], ["78719.2", "0.003"], ["78626.8", "0.001"], ["78623", "0.001"], ["78596.9", "0.002"], ["78569.4", "0.001"], ["78545.4", "0.001"], ["78490.8", "20"], ["78484.3", "0.002"], ["78483.3", "0.001"], ["78414.4", "0.001"], ["78295.9", "0.001"], ["78191.2", "0.001"], ["78065", "0.001"], ["78064", "0.001"], ["78024.1", "0.001"], ["77941.9", "0.001"], ["77910", "0.029"], ["77873.6", "0.008"], ["77870.1", "0.08"], ["77831.7", "0.006"], ["77772.1", "0.001"], ["77676.4", "0.01"], ["77666.6", "0.015"], ["77580.4", "0.068"], ["77550.9", "0.001"], ["77408", "0.001"], ["77401.7", "0.002"], ["77397.7", "0.001"], ["77345.8", "0.001"], ["77341.2", "0.002"], ["77328.1", "0.001"], ["77318.4", "20"], ["77220.7", "0.007"], ["77181.4", "0.001"], ["77154", "0.001"], ["77137.5", "0.001"], ["77115.2", "0.001"], ["77006.5", "0.01"], ["77000", "0.002"], ["76973.7", "0.039"], ["76962.3", "0.001"], ["76951.5", "0.001"], ["76936.1", "0.012"], ["76917.5", "0.001"], ["76888.9", "0.001"], ["76796.8", "0.001"], ["76752", "0.001"], ["76647.4", "0.015"], ["76629.7", "0.002"], ["76618.5", "0.001"], ["76500.3", "0.001"], ["76396.7", "0.001"], ["76364", "0.001"], ["76363.8", "0.003"], ["76341.1", "0.004"], ["76336.6", "0.01"], ["76319.2", "0.002"], ["76265.5", "0.001"], ["76250.8", "0.001"], ["76203.3", "0.003"]], "a": [["85043.2", "948.505"], ["85071.4", "0.001"], ["85081.4", "0.002"], ["85428.9", "0.001"], ["85814.3", "0.001"], ["85936", "0.001"], ["86000", "0.009"], ["86003.8", "0.001"], ["86199.7", "0.001"], ["86318.5", "0.001"], ["86500", "0.009"], ["86585.1", "0.001"], ["86592", "0.001"], ["86645.8", "0.001"], ["86866.6", "0.015"], ["86867.5", "0.001"], ["86874.6", "0.001"], ["86890.5", "0.001"], ["86970.5", "0.001"], ["87000", "0.009"], ["87127.1", "0.001"], ["87144.6", "0.002"], ["87173.2", "0.001"], ["87248", "0.001"], ["87314.5", "0.002"], ["87355.9", "0.001"], ["87491.3", "0.001"], ["87500", "0.009"], ["87608.3", "0.015"], ["87686.9", "0.029"], ["87741.3", "0.001"], ["87777.1", "0.001"], ["87807", "0.001"], ["87818.7", "0.001"], ["87904", "0.001"], ["88000", "0.009"], ["88027.8", "0.001"], ["88126.7", "0.001"], ["88227.2", "0.002"], ["88336.7", "0.001"], ["88399.9", "0.015"], ["88500", "0.009"], ["88512.1", "0.001"], ["88521.9", "0.094"], ["88522", "0.099"], ["88522.1", "0.105"], ["88522.2", "0.098"], ["88522.3", "0.089"], ["88522.4", "0.102"], ["88522.5", "0.088"], ["88522.6", "0.095"], ["88560", "0.001"], ["88579.2", "0.001"], ["88652.3", "0.135"], ["88652.4", "0.163"], ["88652.5", "0.135"], ["88652.6", "0.145"], ["88652.7", "0.13"], ["88652.8", "0.132"], ["88652.9", "0.13"], ["88653", "0.164"], ["88663.8", "0.001"], ["88691.2", "0.053"], ["88691.3", "0.054"], ["88691.4", "0.038"], ["88691.5", "0.036"], ["88691.6", "0.041"], ["88691.7", "0.054"], ["88691.8", "0.051"], ["88691.9", "0.047"], ["88725.4", "0.001"], ["88739.4", "0.001"], ["88770", "0.001"], ["88882.4", "0.001"], ["88884.9", "0.008"], ["88897.5", "0.001"], ["89000", "0.011"], ["89025.9", "0.029"], ["89182.2", "0.001"], ["89216", "0.001"], ["89282.9", "0.001"], ["89309.1", "0.002"], ["89309.7", "0.002"], ["89404", "0.001"], ["89500", "0.009"], ["89550.4", "0.001"], ["89668.3", "0.001"], ["89671.7", "0.001"], ["89721.2", "0.001"], ["89737.1", "0.001"], ["89800.5", "0.015"], ["89872", "0.001"], ["89933.3", "0.015"], ["90000", "0.009"], ["90027.6", "0.001"], ["90031.3", "0.001"], ["90053.7", "0.001"], ["90133.4", "0.002"], ["90266.7", "0.002"], ["90364.9", "0.029"], ["90377", "0.002"], ["90392.3", "0.002"], ["90400", "0.002"], ["90437", "0.001"], ["90439.1", "0.001"], ["90500", "0.009"], ["90528", "0.001"], ["90533.4", "0.002"], ["90591.7", "0.001"], ["90604.1", "0.001"], ["90666.7", "0.002"], ["90672.4", "0.001"], ["90800", "0.002"], ["90824.5", "0.001"], ["90873.1", "0.001"], ["90933.4", "0.002"], ["91000", "0.009"], ["91016.6", "0.08"], ["91066.7", "0.002"], ["91184", "0.001"], ["91200", "0.002"], ["91209.9", "0.001"], ["91214.1", "0.001"], ["91303.8", "0.002"], ["91323.7", "0.001"], ["91333.4", "0.002"], ["91446.4", "0.001"], ["91466.6", "0.015"], ["91466.7", "0.002"], ["91474.8", "0.002"], ["91483.4", "0.001"], ["91500", "0.009"], ["91536.5", "0.001"], ["91595.3", "0.001"], ["91600", "0.002"], ["91623.7", "0.001"], ["91637.7", "0.008"], ["91691.6", "0.001"], ["91696.4", "0.001"], ["91703.9", "0.029"], ["91718.5", "0.001"], ["91733.4", "0.002"], ["91840", "0.001"], ["91866.7", "0.002"], ["91962.7", "0.001"], ["91980.8", "0.001"], ["91992.7", "0.015"], ["92000", "0.013"], ["92133.4", "0.002"], ["92210.3", "0.001"], ["92266.7", "0.002"], ["92301", "0.001"], ["92366.2", "0.001"], ["92377.2", "0.001"], ["92400", "0.002"], ["92457.4", "0.001"], ["92468.8", "0.001"], ["92470.4", "0.002"], ["92491.3", "0.001"], ["92496", "0.001"], ["92500", "0.009"], ["92533.4", "0.002"], ["92557.4", "0.002"], ["92564", "0.001"], ["92574.9", "0.001"], ["92666.7", "0.002"], ["92751.6", "0.001"], ["92800", "0.002"], ["92933.4", "0.002"], ["92935.6", "0.001"], ["93000", "0.024"], ["93042.8", "0.029"], ["93066.7", "0.002"], ["93096.9", "0.001"], ["93137", "0.001"], ["93152", "0.001"], ["93155.6", "0.001"], ["93200", "0.002"], ["93254", "0.001"], ["93254.2", "0.001"], ["93298.4", "0.002"], ["93333.4", "0.002"], ["93401.2", "0.001"], ["93409.5", "0.001"], ["93466.7", "0.002"], ["93500", "0.009"], ["93522.4", "0.001"], ["93526.1", "0.001"], ["93600", "0.002"], ["93639.9", "0.002"], ["93727.2", "0.001"], ["93733.4", "0.002"], ["93794.5", "0.001"], ["93808", "0.001"], ["93866.7", "0.002"], ["93907.8", "0.001"], ["93983.6", "0.001"], ["93988.8", "0.001"], ["94000", "0.011"], ["94010.3", "0.001"]], "ts": 1752417670692, "u": 380407, "seq": 9491714667, "cts": 1752417670612}
{"s": "BTCUSDT", "b": [["85009.9", "0.001"], ["85009", "0.029"], ["85000", "0.009"], ["84993.8", "0.001"], ["84979.6", "0.002"], ["84965", "0.001"], ["84954.9", "0.001"], ["84819.1", "0.001"], ["84809.1", "0.001"], ["84760.3", "0.07"], ["84741.7", "0.002"], ["84676.5", "0.001"], ["84658.1", "0.001"], ["84624", "0.001"], ["84609.3", "0.001"], ["84601.6", "0.007"], ["84500", "0.009"], ["84443.4", "0.08"], ["84389.1", "0.001"], ["84353.1", "20"], ["84280", "0.364"], ["84272.7", "0.001"], ["84230.6", "0.001"], ["84222.9", "0.001"], ["84109.4", "0.001"], ["84077.5", "0.001"], ["84000", "0.01"], ["83990.2", "0.001"], ["83968", "0.001"], ["83897", "0.002"], ["83887.3", "0.001"], ["83818.1", "0.002"], ["83799.9", "0.015"], ["83754.6", "0.001"], ["83682.3", "0.002"], ["83670", "0.029"], ["83501.9", "0.001"], ["83500", "0.009"], ["83379.3", "0.008"], ["83343.9", "0.001"], ["83325.2", "0.002"], ["83312", "0.001"], ["83264", "0.001"], ["83262.4", "0.004"], ["83248.6", "0.001"], ["83224", "0.015"], ["83180.6", "20"], ["83169", "0.738"], ["83145.1", "0.001"], ["83116.5", "0.001"], ["83000", "0.012"], ["82984.3", "0.001"], ["82947.6", "0.001"], ["82900", "0.001"], ["82886.3", "0.026"], ["82814.5", "0.002"], ["82770.7", "0.001"], ["82731.1", "0.001"], ["82656", "0.001"], ["82603.7", "0.003"], ["82526.7", "0.001"], ["82523.6", "0.002"], ["82500", "0.009"], ["82457.3", "0.001"], ["82418.5", "0.001"], ["82345.7", "0.001"], ["82331", "0.029"], ["82266.6", "0.015"], ["82250.8", "0.001"], ["82212.8", "0.001"], ["82045.3", "0.001"], ["82008.2", "20"], ["82000", "0.011"], ["81960.3", "0.001"], ["81731.9", "0.002"], ["81644.8", "0.001"], ["81574.9", "0.001"], ["81573", "0.001"], ["81570.7", "0.001"], ["81506", "0.001"], ["81500", "0.009"], ["81344", "0.001"], ["81330.5", "0.002"], ["81318.6", "0.001"], ["81297.3", "0.001"], ["81280.4", "0.001"], ["81190.7", "0.001"], ["81189.5", "0.001"], ["81156.7", "0.08"], ["81074.6", "0.003"], ["81031.8", "0.015"], ["81000", "0.01"], ["80835.7", "20"], ["80804.1", "0.001"], ["80733.3", "0.015"], ["80727.6", "0.001"], ["80688", "0.001"], ["80684", "0.001"], ["80649.4", "0.002"], ["80626.5", "0.008"], ["80586.5", "0.001"], ["80500", "0.009"], ["80418.7", "0.001"], ["80381.9", "0.001"], ["80348", "0.001"], ["80336.1", "0.001"], ["80316.6", "0.001"], ["80234.3", "0.001"], ["80178.4", "0.001"], ["80064.5", "0.001"], ["80033.3", "0.001"], ["80032", "0.001"], ["80000", "0.011"], ["79882.1", "0.001"], ["79866.5", "0.001"], ["79813.4", "0.001"], ["79797.4", "0.001"], ["79756.5", "0.001"], ["79684.5", "0.001"], ["79663.3", "20"], ["79647.9", "0.001"], ["79566.8", "0.002"], ["79481.4", "0.001"], ["79430.8", "0.001"], ["79415.7", "0.001"], ["79392.1", "0.004"], ["79376", "0.001"], ["79335.9", "0.002"], ["79288.2", "0.002"], ["79262.5", "0.001"], ["79255.3", "0.001"], ["79199.9", "0.015"], ["79036.7", "0.001"], ["79026.6", "0.001"], ["79013.5", "0.001"], ["78910.7", "0.001"], ["78877", "0.001"], ["78839.6", "0.015"], ["78729.1", "0.001"], ["78720", "0.001"], ["78719.2", "0.003"], ["78626.8", "0.001"], ["78623", "0.001"], ["78596.9", "0.002"], ["78569.4", "0.001"], ["78545.4", "0.001"], ["78490.8", "20"], ["78484.3", "0.002"], ["78483.3", "0.001"], ["78414.4", "0.001"], ["78295.9", "0.001"], ["78191.2", "0.001"], ["78065", "0.001"], ["78064", "0.001"], ["78024.1", "0.001"], ["77941.9", "0.001"], ["77910", "0.029"], ["77873.6", "0.008"], ["77870.1", "0.08"], ["77831.7", "0.006"], ["77772.1", "0.001"], ["77676.4", "0.01"], ["77666.6", "0.015"], ["77580.4", "0.068"], ["77550.9", "0.001"], ["77408", "0.001"], ["77401.7", "0.002"], ["77397.7", "0.001"], ["77345.8", "0.001"], ["77341.2", "0.002"], ["77328.1", "0.001"], ["77318.4", "20"], ["77220.7", "0.007"], ["77181.4", "0.001"], ["77154", "0.001"], ["77137.5", "0.001"], ["77115.2", "0.001"], ["77006.5", "0.01"], ["77000", "0.002"], ["76973.7", "0.039"], ["76962.3", "0.001"], ["76951.5", "0.001"], ["76936.1", "0.012"], ["76917.5", "0.001"], ["76888.9", "0.001"], ["76796.8", "0.001"], ["76752", "0.001"], ["76647.4", "0.015"], ["76629.7", "0.002"], ["76618.5", "0.001"], ["76500.3", "0.001"], ["76396.7", "0.001"], ["76364", "0.001"], ["76363.8", "0.003"], ["76341.1", "0.004"], ["76336.6", "0.01"], ["76319.2", "0.002"], ["76265.5", "0.001"], ["76250.8", "0.001"], ["76203.3", "0.003"]], "a": [["85043.2", "948.505"], ["85071.4", "0.001"], ["85081.4", "0.002"], ["85428.9", "0.001"], ["85814.3", "0.001"], ["85936", "0.001"], ["86000", "0.009"], ["86003.8", "0.001"], ["86199.7", "0.001"], ["86318.5", "0.001"], ["86500", "0.009"], ["86585.1", "0.001"], ["86592", "0.001"], ["86645.8", "0.001"], ["86866.6", "0.015"], ["86867.5", "0.001"], ["86874.6", "0.001"], ["86890.5", "0.001"], ["86970.5", "0.001"], ["87000", "0.009"], ["87127.1", "0.001"], ["87144.6", "0.002"], ["87173.2", "0.001"], ["87248", "0.001"], ["87314.5", "0.002"], ["87355.9", "0.001"], ["87491.3", "0.001"], ["87500", "0.009"], ["87608.3", "0.015"], ["87686.9", "0.029"], ["87741.3", "0.001"], ["87777.1", "0.001"], ["87807", "0.001"], ["87818.7", "0.001"], ["87904", "0.001"], ["88000", "0.009"], ["88027.8", "0.001"], ["88126.7", "0.001"], ["88227.2", "0.002"], ["88336.7", "0.001"], ["88399.9", "0.015"], ["88500", "0.009"], ["88512.1", "0.001"], ["88521.9", "0.094"], ["88522", "0.099"], ["88522.1", "0.105"], ["88522.2", "0.098"], ["88522.3", "0.089"], ["88522.4", "0.102"], ["88522.5", "0.088"], ["88522.6", "0.095"], ["88560", "0.001"], ["88579.2", "0.001"], ["88652.3", "0.135"], ["88652.4", "0.163"], ["88652.5", "0.135"], ["88652.6", "0.145"], ["88652.7", "0.13"], ["88652.8", "0.132"], ["88652.9", "0.13"], ["88653", "0.164"], ["88663.8", "0.001"], ["88691.2", "0.053"], ["88691.3", "0.054"], ["88691.4", "0.038"], ["88691.5", "0.036"], ["88691.6", "0.041"], ["88691.7", "0.054"], ["88691.8", "0.051"], ["88691.9", "0.047"], ["88725.4", "0.001"], ["88739.4", "0.001"], ["88770", "0.001"], ["88882.4", "0.001"], ["88884.9", "0.008"], ["88897.5", "0.001"], ["89000", "0.011"], ["89025.9", "0.029"], ["89182.2", "0.001"], ["89216", "0.001"], ["89282.9", "0.001"], ["89309.1", "0.002"], ["89309.7", "0.002"], ["89404", "0.001"], ["89500", "0.009"], ["89550.4", "0.001"], ["89668.3", "0.001"], ["89671.7", "0.001"], ["89721.2", "0.001"], ["89737.1", "0.001"], ["89800.5", "0.015"], ["89872", "0.001"], ["89933.3", "0.015"], ["90000", "0.009"], ["90027.6", "0.001"], ["90031.3", "0.001"], ["90053.7", "0.001"], ["90133.4", "0.002"], ["90266.7", "0.002"], ["90364.9", "0.029"], ["90377", "0.002"], ["90392.3", "0.002"], ["90400", "0.002"], ["90437", "0.001"], ["90439.1", "0.001"], ["90500", "0.009"], ["90528", "0.001"], ["90533.4", "0.002"], ["90591.7", "0.001"], ["90604.1", "0.001"], ["90666.7", "0.002"], ["90672.4", "0.001"], ["90800", "0.002"], ["90824.5", "0.001"], ["90873.1", "0.001"], ["90933.4", "0.002"], ["91000", "0.009"], ["91016.6", "0.08"], ["91066.7", "0.002"], ["91184", "0.001"], ["91200", "0.002"], ["91209.9", "0.001"], ["91214.1", "0.001"], ["91303.8", "0.002"], ["91323.7", "0.001"], ["91333.4", "0.002"], ["91446.4", "0.001"], ["91466.6", "0.015"], ["91466.7", "0.002"], ["91474.8", "0.002"], ["91483.4", "0.001"], ["91500", "0.009"], ["91536.5", "0.001"], ["91595.3", "0.001"], ["91600", "0.002"], ["91623.7", "0.001"], ["91637.7", "0.008"], ["91691.6", "0.001"], ["91696.4", "0.001"], ["91703.9", "0.029"], ["91718.5", "0.001"], ["91733.4", "0.002"], ["91840", "0.001"], ["91866.7", "0.002"], ["91962.7", "0.001"], ["91980.8", "0.001"], ["91992.7", "0.015"], ["92000", "0.013"], ["92133.4", "0.002"], ["92210.3", "0.001"], ["92266.7", "0.002"], ["92301", "0.001"], ["92366.2", "0.001"], ["92377.2", "0.001"], ["92400", "0.002"], ["92457.4", "0.001"], ["92468.8", "0.001"], ["92470.4", "0.002"], ["92491.3", "0.001"], ["92496", "0.001"], ["92500", "0.009"], ["92533.4", "0.002"], ["92557.4", "0.002"], ["92564", "0.001"], ["92574.9", "0.001"], ["92666.7", "0.002"], ["92751.6", "0.001"], ["92800", "0.002"], ["92933.4", "0.002"], ["92935.6", "0.001"], ["93000", "0.024"], ["93042.8", "0.029"], ["93066.7", "0.002"], ["93096.9", "0.001"], ["93137", "0.001"], ["93152", "0.001"], ["93155.6", "0.001"], ["93200", "0.002"], ["93254", "0.001"], ["93254.2", "0.001"], ["93298.4", "0.002"], ["93333.4", "0.002"], ["93401.2", "0.001"], ["93409.5", "0.001"], ["93466.7", "0.002"], ["93500", "0.009"], ["93522.4", "0.001"], ["93526.1", "0.001"], ["93600", "0.002"], ["93639.9", "0.002"], ["93727.2", "0.001"], ["93733.4", "0.002"], ["93794.5", "0.001"], ["93808", "0.001"], ["93866.7", "0.002"], ["93907.8", "0.001"], ["93983.6", "0.001"], ["93988.8", "0.001"], ["94000", "0.011"], ["94010.3", "0.001"]], "ts": 1752417672493, "u": 380407, "seq": 9491714667, "cts": 1752417670612}
{"s": "BTCUSDT", "b": [["85009.9", "0.001"], ["85009", "0.029"], ["85000", "0.009"], ["84993.8", "0.001"], ["84979.6", "0.002"], ["84965", "0.001"], ["84954.9", "0.001"], ["84819.1", "0.001"], ["84809.1", "0.001"], ["84760.3", "0.07"], ["84741.7", "0.002"], ["84676.5", "0.001"], ["84658.1", "0.001"], ["84624", "0.001"], ["84609.3", "0.001"], ["84601.6", "0.007"], ["84500", "0.009"], ["84443.4", "0.08"], ["84389.1", "0.001"], ["84353.1", "20"], ["84280", "0.364"], ["84272.7", "0.001"], ["84230.6", "0.001"], ["84222.9", "0.001"], ["84109.4", "0.001"], ["84077.5", "0.001"], ["84000", "0.01"], ["83990.2", "0.001"], ["83968", "0.001"], ["83897", "0.002"], ["83887.3", "0.001"], ["83818.1", "0.002"], ["83799.9", "0.015"], ["83754.6", "0.001"], ["83682.3", "0.002"], ["83670", "0.029"], ["83501.9", "0.001"], ["83500", "0.009"], ["83379.3", "0.008"], ["83343.9", "0.001"], ["83325.2", "0.002"], ["83312", "0.001"], ["83264", "0.001"], ["83262.4", "0.004"], ["83248.6", "0.001"], ["83224", "0.015"], ["83180.6", "20"], ["83169", "0.738"], ["83145.1", "0.001"], ["83116.5", "0.001"], ["83000", "0.012"], ["82984.3", "0.001"], ["82947.6", "0.001"], ["82900", "0.001"], ["82886.3", "0.026"], ["82814.5", "0.002"], ["82770.7", "0.001"], ["82731.1", "0.001"], ["82656", "0.001"], ["82603.7", "0.003"], ["82526.7", "0.001"], ["82523.6", "0.002"], ["82500", "0.009"], ["82457.3", "0.001"], ["82418.5", "0.001"], ["82345.7", "0.001"], ["82331", "0.029"], ["82266.6", "0.015"], ["82250.8", "0.001"], ["82212.8", "0.001"], ["82045.3", "0.001"], ["82008.2", "20"], ["82000", "0.011"], ["81960.3", "0.001"], ["81731.9", "0.002"], ["81644.8", "0.001"], ["81574.9", "0.001"], ["81573", "0.001"], ["81570.7", "0.001"], ["81506", "0.001"], ["81500", "0.009"], ["81344", "0.001"], ["81330.5", "0.002"], ["81318.6", "0.001"], ["81297.3", "0.001"], ["81280.4", "0.001"], ["81190.7", "0.001"], ["81189.5", "0.001"], ["81156.7", "0.08"], ["81074.6", "0.003"], ["81031.8", "0.015"], ["81000", "0.01"], ["80835.7", "20"], ["80804.1", "0.001"], ["80733.3", "0.015"], ["80727.6", "0.001"], ["80688", "0.001"], ["80684", "0.001"], ["80649.4", "0.002"], ["80626.5", "0.008"], ["80586.5", "0.001"], ["80500", "0.009"], ["80418.7", "0.001"], ["80381.9", "0.001"], ["80348", "0.001"], ["80336.1", "0.001"], ["80316.6", "0.001"], ["80234.3", "0.001"], ["80178.4", "0.001"], ["80064.5", "0.001"], ["80033.3", "0.001"], ["80032", "0.001"], ["80000", "0.011"], ["79882.1", "0.001"], ["79866.5", "0.001"], ["79813.4", "0.001"], ["79797.4", "0.001"], ["79756.5", "0.001"], ["79684.5", "0.001"], ["79663.3", "20"], ["79647.9", "0.001"], ["79566.8", "0.002"], ["79481.4", "0.001"], ["79430.8", "0.001"], ["79415.7", "0.001"], ["79392.1", "0.004"], ["79376", "0.001"], ["79335.9", "0.002"], ["79288.2", "0.002"], ["79262.5", "0.001"], ["79255.3", "0.001"], ["79199.9", "0.015"], ["79036.7", "0.001"], ["79026.6", "0.001"], ["79013.5", "0.001"], ["78910.7", "0.001"], ["78877", "0.001"], ["78839.6", "0.015"], ["78729.1", "0.001"], ["78720", "0.001"], ["78719.2", "0.003"], ["78626.8", "0.001"], ["78623", "0.001"], ["78596.9", "0.002"], ["78569.4", "0.001"], ["78545.4", "0.001"], ["78490.8", "20"], ["78484.3", "0.002"], ["78483.3", "0.001"], ["78414.4", "0.001"], ["78295.9", "0.001"], ["78191.2", "0.001"], ["78065", "0.001"], ["78064", "0.001"], ["78024.1", "0.001"], ["77941.9", "0.001"], ["77910", "0.029"], ["77873.6", "0.008"], ["77870.1", "0.08"], ["77831.7", "0.006"], ["77772.1", "0.001"], ["77676.4", "0.01"], ["77666.6", "0.015"], ["77580.4", "0.068"], ["77550.9", "0.001"], ["77408", "0.001"], ["77401.7", "0.002"], ["77397.7", "0.001"], ["77345.8", "0.001"], ["77341.2", "0.002"], ["77328.1", "0.001"], ["77318.4", "20"], ["77220.7", "0.007"], ["77181.4", "0.001"], ["77154", "0.001"], ["77137.5", "0.001"], ["77115.2", "0.001"], ["77006.5", "0.01"], ["77000", "0.002"], ["76973.7", "0.039"], ["76962.3", "0.001"], ["76951.5", "0.001"], ["76936.1", "0.012"], ["76917.5", "0.001"], ["76888.9", "0.001"], ["76796.8", "0.001"], ["76752", "0.001"], ["76647.4", "0.015"], ["76629.7", "0.002"], ["76618.5", "0.001"], ["76500.3", "0.001"], ["76396.7", "0.001"], ["76364", "0.001"], ["76363.8", "0.003"], ["76341.1", "0.004"], ["76336.6", "0.01"], ["76319.2", "0.002"], ["76265.5", "0.001"], ["76250.8", "0.001"], ["76203.3", "0.003"]], "a": [["85043.2", "948.505"], ["85071.4", "0.001"], ["85081.4", "0.002"], ["85428.9", "0.001"], ["85814.3", "0.001"], ["85936", "0.001"], ["86000", "0.009"], ["86003.8", "0.001"], ["86199.7", "0.001"], ["86318.5", "0.001"], ["86500", "0.009"], ["86585.1", "0.001"], ["86592", "0.001"], ["86645.8", "0.001"], ["86866.6", "0.015"], ["86867.5", "0.001"], ["86874.6", "0.001"], ["86890.5", "0.001"], ["86970.5", "0.001"], ["87000", "0.009"], ["87127.1", "0.001"], ["87144.6", "0.002"], ["87173.2", "0.001"], ["87248", "0.001"], ["87314.5", "0.002"], ["87355.9", "0.001"], ["87491.3", "0.001"], ["87500", "0.009"], ["87608.3", "0.015"], ["87686.9", "0.029"], ["87741.3", "0.001"], ["87777.1", "0.001"], ["87807", "0.001"], ["87818.7", "0.001"], ["87904", "0.001"], ["88000", "0.009"], ["88027.8", "0.001"], ["88126.7", "0.001"], ["88227.2", "0.002"], ["88336.7", "0.001"], ["88399.9", "0.015"], ["88500", "0.009"], ["88512.1", "0.001"], ["88521.9", "0.094"], ["88522", "0.099"], ["88522.1", "0.105"], ["88522.2", "0.098"], ["88522.3", "0.089"], ["88522.4", "0.102"], ["88522.5", "0.088"], ["88522.6", "0.095"], ["88560", "0.001"], ["88579.2", "0.001"], ["88652.3", "0.135"], ["88652.4", "0.163"], ["88652.5", "0.135"], ["88652.6", "0.145"], ["88652.7", "0.13"], ["88652.8", "0.132"], ["88652.9", "0.13"], ["88653", "0.164"], ["88663.8", "0.001"], ["88691.2", "0.053"], ["88691.3", "0.054"], ["88691.4", "0.038"], ["88691.5", "0.036"], ["88691.6", "0.041"], ["88691.7", "0.054"], ["88691.8", "0.051"], ["88691.9", "0.047"], ["88725.4", "0.001"], ["88739.4", "0.001"], ["88770", "0.001"], ["88882.4", "0.001"], ["88884.9", "0.008"], ["88897.5", "0.001"], ["89000", "0.011"], ["89025.9", "0.029"], ["89182.2", "0.001"], ["89216", "0.001"], ["89282.9", "0.001"], ["89309.1", "0.002"], ["89309.7", "0.002"], ["89404", "0.001"], ["89500", "0.009"], ["89550.4", "0.001"], ["89668.3", "0.001"], ["89671.7", "0.001"], ["89721.2", "0.001"], ["89737.1", "0.001"], ["89800.5", "0.015"], ["89872", "0.001"], ["89933.3", "0.015"], ["90000", "0.009"], ["90027.6", "0.001"], ["90031.3", "0.001"], ["90053.7", "0.001"], ["90133.4", "0.002"], ["90266.7", "0.002"], ["90364.9", "0.029"], ["90377", "0.002"], ["90392.3", "0.002"], ["90400", "0.002"], ["90437", "0.001"], ["90439.1", "0.001"], ["90500", "0.009"], ["90528", "0.001"], ["90533.4", "0.002"], ["90591.7", "0.001"], ["90604.1", "0.001"], ["90666.7", "0.002"], ["90672.4", "0.001"], ["90800", "0.002"], ["90824.5", "0.001"], ["90873.1", "0.001"], ["90933.4", "0.002"], ["91000", "0.009"], ["91016.6", "0.08"], ["91066.7", "0.002"], ["91184", "0.001"], ["91200", "0.002"], ["91209.9", "0.001"], ["91214.1", "0.001"], ["91303.8", "0.002"], ["91323.7", "0.001"], ["91333.4", "0.002"], ["91446.4", "0.001"], ["91466.6", "0.015"], ["91466.7", "0.002"], ["91474.8", "0.002"], ["91483.4", "0.001"], ["91500", "0.009"], ["91536.5", "0.001"], ["91595.3", "0.001"], ["91600", "0.002"], ["91623.7", "0.001"], ["91637.7", "0.008"], ["91691.6", "0.001"], ["91696.4", "0.001"], ["91703.9", "0.029"], ["91718.5", "0.001"], ["91733.4", "0.002"], ["91840", "0.001"], ["91866.7", "0.002"], ["91962.7", "0.001"], ["91980.8", "0.001"], ["91992.7", "0.015"], ["92000", "0.013"], ["92133.4", "0.002"], ["92210.3", "0.001"], ["92266.7", "0.002"], ["92301", "0.001"], ["92366.2", "0.001"], ["92377.2", "0.001"], ["92400", "0.002"], ["92457.4", "0.001"], ["92468.8", "0.001"], ["92470.4", "0.002"], ["92491.3", "0.001"], ["92496", "0.001"], ["92500", "0.009"], ["92533.4", "0.002"], ["92557.4", "0.002"], ["92564", "0.001"], ["92574.9", "0.001"], ["92666.7", "0.002"], ["92751.6", "0.001"], ["92800", "0.002"], ["92933.4", "0.002"], ["92935.6", "0.001"], ["93000", "0.024"], ["93042.8", "0.029"], ["93066.7", "0.002"], ["93096.9", "0.001"], ["93137", "0.001"], ["93152", "0.001"], ["93155.6", "0.001"], ["93200", "0.002"], ["93254", "0.001"], ["93254.2", "0.001"], ["93298.4", "0.002"], ["93333.4", "0.002"], ["93401.2", "0.001"], ["93409.5", "0.001"], ["93466.7", "0.002"], ["93500", "0.009"], ["93522.4", "0.001"], ["93526.1", "0.001"], ["93600", "0.002"], ["93639.9", "0.002"], ["93727.2", "0.001"], ["93733.4", "0.002"], ["93794.5", "0.001"], ["93808", "0.001"], ["93866.7", "0.002"], ["93907.8", "0.001"], ["93983.6", "0.001"], ["93988.8", "0.001"], ["94000", "0.011"], ["94010.3", "0.001"]], "ts": 1752417672493, "u": 380407, "seq": 9491714667, "cts": 1752417670612}
{"s": "BTCUSDT", "b": [["84979.6", "0.002"], ["84965", "0.001"], ["84954.9", "0.001"], ["84819.1", "0.001"], ["84809.1", "0.001"], ["84760.3", "0.07"], ["84741.7", "0.002"], ["84676.5", "0.001"], ["84658.1", "0.001"], ["84624", "0.001"], ["84609.3", "0.001"], ["84601.6", "0.007"], ["84500", "0.009"], ["84443.4", "0.08"], ["84389.1", "0.001"], ["84353.1", "20"], ["84280", "0.364"], ["84272.7", "0.001"], ["84230.6", "0.001"], ["84222.9", "0.001"], ["84109.4", "0.001"], ["84077.5", "0.001"], ["84000", "0.01"], ["83990.2", "0.001"], ["83968", "0.001"], ["83897", "0.002"], ["83887.3", "0.001"], ["83818.1", "0.002"], ["83799.9", "0.015"], ["83754.6", "0.001"], ["83682.3", "0.002"], ["83670", "0.029"], ["83501.9", "0.001"], ["83500", "0.009"], ["83379.3", "0.008"], ["83343.9", "0.001"], ["83325.2", "0.002"], ["83312", "0.001"], ["83264", "0.001"], ["83262.4", "0.004"], ["83248.6", "0.001"], ["83224", "0.015"], ["83180.6", "20"], ["83169", "0.738"], ["83145.1", "0.001"], ["83116.5", "0.001"], ["83000", "0.012"], ["82984.3", "0.001"], ["82947.6", "0.001"], ["82900", "0.001"], ["82886.3", "0.026"], ["82814.5", "0.002"], ["82770.7", "0.001"], ["82731.1", "0.001"], ["82656", "0.001"], ["82603.7", "0.003"], ["82526.7", "0.001"], ["82523.6", "0.002"], ["82500", "0.009"], ["82457.3", "0.001"], ["82418.5", "0.001"], ["82345.7", "0.001"], ["82331", "0.029"], ["82266.6", "0.015"], ["82250.8", "0.001"], ["82212.8", "0.001"], ["82045.3", "0.001"], ["82008.2", "20"], ["82000", "0.011"], ["81960.3", "0.001"], ["81731.9", "0.002"], ["81644.8", "0.001"], ["81574.9", "0.001"], ["81573", "0.001"], ["81570.7", "0.001"], ["81506", "0.001"], ["81500", "0.009"], ["81344", "0.001"], ["81330.5", "0.002"], ["81318.6", "0.001"], ["81297.3", "0.001"], ["81280.4", "0.001"], ["81190.7", "0.001"], ["81189.5", "0.001"], ["81156.7", "0.08"], ["81074.6", "0.003"], ["81031.8", "0.015"], ["81000", "0.01"], ["80835.7", "20"], ["80804.1", "0.001"], ["80733.3", "0.015"], ["80727.6", "0.001"], ["80688", "0.001"], ["80684", "0.001"], ["80649.4", "0.002"], ["80626.5", "0.008"], ["80586.5", "0.001"], ["80500", "0.009"], ["80418.7", "0.001"], ["80381.9", "0.001"], ["80348", "0.001"], ["80336.1", "0.001"], ["80316.6", "0.001"], ["80234.3", "0.001"], ["80178.4", "0.001"], ["80064.5", "0.001"], ["80033.3", "0.001"], ["80032", "0.001"], ["80000", "0.011"], ["79882.1", "0.001"], ["79866.5", "0.001"], ["79813.4", "0.001"], ["79797.4", "0.001"], ["79756.5", "0.001"], ["79684.5", "0.001"], ["79663.3", "20"], ["79647.9", "0.001"], ["79566.8", "0.002"], ["79481.4", "0.001"], ["79430.8", "0.001"], ["79415.7", "0.001"], ["79392.1", "0.004"], ["79376", "0.001"], ["79335.9", "0.002"], ["79288.2", "0.002"], ["79262.5", "0.001"], ["79255.3", "0.001"], ["79199.9", "0.015"], ["79036.7", "0.001"], ["79026.6", "0.001"], ["79013.5", "0.001"], ["78910.7", "0.001"], ["78877", "0.001"], ["78839.6", "0.015"], ["78729.1", "0.001"], ["78720", "0.001"], ["78719.2", "0.003"], ["78626.8", "0.001"], ["78623", "0.001"], ["78596.9", "0.002"], ["78569.4", "0.001"], ["78545.4", "0.001"], ["78490.8", "20"], ["78484.3", "0.002"], ["78483.3", "0.001"], ["78414.4", "0.001"], ["78295.9", "0.001"], ["78191.2", "0.001"], ["78065", "0.001"], ["78064", "0.001"], ["78024.1", "0.001"], ["77941.9", "0.001"], ["77910", "0.029"], ["77873.6", "0.008"], ["77870.1", "0.08"], ["77831.7", "0.006"], ["77772.1", "0.001"], ["77676.4", "0.01"], ["77666.6", "0.015"], ["77580.4", "0.068"], ["77550.9", "0.001"], ["77408", "0.001"], ["77401.7", "0.002"], ["77397.7", "0.001"], ["77345.8", "0.001"], ["77341.2", "0.002"], ["77328.1", "0.001"], ["77318.4", "20"], ["77220.7", "0.007"], ["77181.4", "0.001"], ["77154", "0.001"], ["77137.5", "0.001"], ["77115.2", "0.001"], ["77006.5", "0.01"], ["77000", "0.002"], ["76973.7", "0.039"], ["76962.3", "0.001"], ["76951.5", "0.001"], ["76936.1", "0.012"], ["76917.5", "0.001"], ["76888.9", "0.001"], ["76796.8", "0.001"], ["76752", "0.001"], ["76647.4", "0.015"], ["76629.7", "0.002"], ["76618.5", "0.001"], ["76500.3", "0.001"], ["76396.7", "0.001"], ["76364", "0.001"], ["76363.8", "0.003"], ["76341.1", "0.004"], ["76336.6", "0.01"], ["76319.2", "0.002"], ["76265.5", "0.001"], ["76250.8", "0.001"], ["76203.3", "0.003"], ["76176.9", "0.001"], ["76145.9", "20"], ["76133.3", "0.015"], ["76096", "0.001"]], "a": [["85043.2", "948.505"], ["85071.4", "0.001"], ["85081.4", "0.002"], ["85428.9", "0.001"], ["85500", "0.009"], ["85814.3", "0.001"], ["85936", "0.001"], ["85942.2", "0.001"], ["86000", "0.009"], ["86003.8", "0.001"], ["86199.7", "0.001"], ["86318.5", "0.001"], ["86348", "0.029"], ["86500", "0.009"], ["86585.1", "0.001"], ["86592", "0.001"], ["86645.8", "0.001"], ["86866.6", "0.015"], ["86867.5", "0.001"], ["86874.6", "0.001"], ["86890.5", "0.001"], ["86970.5", "0.001"], ["87000", "0.009"], ["87127.1", "0.001"], ["87144.6", "0.002"], ["87173.2", "0.001"], ["87248", "0.001"], ["87314.5", "0.002"], ["87355.9", "0.001"], ["87491.3", "0.001"], ["87500", "0.009"], ["87608.3", "0.015"], ["87686.9", "0.029"], ["87741.3", "0.001"], ["87777.1", "0.001"], ["87807", "0.001"], ["87818.7", "0.001"], ["87904", "0.001"], ["88000", "0.009"], ["88027.8", "0.001"], ["88126.7", "0.001"], ["88227.2", "0.002"], ["88336.7", "0.001"], ["88342.7", "0.001"], ["88399.9", "0.015"], ["88500", "0.009"], ["88512.1", "0.001"], ["88521.9", "0.094"], ["88522", "0.099"], ["88522.1", "0.105"], ["88522.2", "0.098"], ["88522.3", "0.089"], ["88522.4", "0.102"], ["88522.5", "0.088"], ["88522.6", "0.095"], ["88560", "0.001"], ["88579.2", "0.001"], ["88652.3", "0.135"], ["88652.4", "0.163"], ["88652.5", "0.135"], ["88652.6", "0.145"], ["88652.7", "0.13"], ["88652.8", "0.132"], ["88652.9", "0.13"], ["88653", "0.164"], ["88663.8", "0.001"], ["88691.2", "0.053"], ["88691.3", "0.054"], ["88691.4", "0.038"], ["88691.5", "0.036"], ["88691.6", "0.041"], ["88691.7", "0.054"], ["88691.8", "0.051"], ["88691.9", "0.047"], ["88725.4", "0.001"], ["88739.4", "0.001"], ["88770", "0.001"], ["88882.4", "0.001"], ["88884.9", "0.008"], ["88897.5", "0.001"], ["89000", "0.011"], ["89025.9", "0.029"], ["89182.2", "0.001"], ["89216", "0.001"], ["89282.9", "0.001"], ["89309.1", "0.002"], ["89309.7", "0.002"], ["89404", "0.001"], ["89500", "0.009"], ["89550.4", "0.001"], ["89668.3", "0.001"], ["89671.7", "0.001"], ["89721.2", "0.001"], ["89737.1", "0.001"], ["89800.5", "0.015"], ["89872", "0.001"], ["89933.3", "0.015"], ["90000", "0.009"], ["90027.6", "0.001"], ["90031.3", "0.001"], ["90053.7", "0.001"], ["90133.4", "0.002"], ["90266.7", "0.002"], ["90364.9", "0.029"], ["90377", "0.002"], ["90392.3", "0.002"], ["90400", "0.002"], ["90437", "0.001"], ["90439.1", "0.001"], ["90500", "0.009"], ["90528", "0.001"], ["90533.4", "0.002"], ["90591.7", "0.001"], ["90604.1", "0.001"], ["90666.7", "0.002"], ["90672.4", "0.001"], ["90800", "0.002"], ["90824.5", "0.001"], ["90873.1", "0.001"], ["90933.4", "0.002"], ["91000", "0.009"], ["91016.6", "0.08"], ["91066.7", "0.002"], ["91184", "0.001"], ["91200", "0.002"], ["91209.9", "0.001"], ["91214.1", "0.001"], ["91303.8", "0.002"], ["91323.7", "0.001"], ["91333.4", "0.002"], ["91446.4", "0.001"], ["91466.6", "0.015"], ["91466.7", "0.002"], ["91474.8", "0.002"], ["91483.4", "0.001"], ["91500", "0.009"], ["91536.5", "0.001"], ["91595.3", "0.001"], ["91600", "0.002"], ["91623.7", "0.001"], ["91637.7", "0.008"], ["91691.6", "0.001"], ["91696.4", "0.001"], ["91703.9", "0.029"], ["91718.5", "0.001"], ["91733.4", "0.002"], ["91840", "0.001"], ["91866.7", "0.002"], ["91962.7", "0.001"], ["91980.8", "0.001"], ["91992.7", "0.015"], ["92000", "0.013"], ["92133.4", "0.002"], ["92210.3", "0.001"], ["92266.7", "0.002"], ["92301", "0.001"], ["92366.2", "0.001"], ["92377.2", "0.001"], ["92400", "0.002"], ["92457.4", "0.001"], ["92468.8", "0.001"], ["92470.4", "0.002"], ["92491.3", "0.001"], ["92496", "0.001"], ["92500", "0.009"], ["92533.4", "0.002"], ["92557.4", "0.002"], ["92564", "0.001"], ["92574.9", "0.001"], ["92666.7", "0.002"], ["92751.6", "0.001"], ["92800", "0.002"], ["92933.4", "0.002"], ["92935.6", "0.001"], ["93000", "0.024"], ["93042.8", "0.029"], ["93066.7", "0.002"], ["93096.9", "0.001"], ["93137", "0.001"], ["93152", "0.001"], ["93155.6", "0.001"], ["93200", "0.002"], ["93254", "0.001"], ["93254.2", "0.001"], ["93298.4", "0.002"], ["93333.4", "0.002"], ["93401.2", "0.001"], ["93409.5", "0.001"], ["93466.7", "0.002"], ["93500", "0.009"], ["93522.4", "0.001"], ["93526.1", "0.001"], ["93600", "0.002"], ["93639.9", "0.002"], ["93727.2", "0.001"], ["93733.4", "0.002"], ["93794.5", "0.001"], ["93808", "0.001"], ["93866.7", "0.002"], ["93907.8", "0.001"]], "ts": 1752417674993, "u": 380409, "seq": 9491714681, "cts": 1752417674947}
{"s": "BTCUSDT", "b": [["84965", "0.001"], ["84954.9", "0.001"], ["84819.1", "0.001"], ["84809.1", "0.001"], ["84760.3", "0.07"], ["84741.7", "0.002"], ["84676.5", "0.001"], ["84658.1", "0.001"], ["84624", "0.001"], ["84609.3", "0.001"], ["84601.6", "0.007"], ["84500", "0.009"], ["84443.4", "0.08"], ["84389.1", "0.001"], ["84353.1", "20"], ["84280", "0.364"], ["84272.7", "0.001"], ["84230.6", "0.001"], ["84222.9", "0.001"], ["84109.4", "0.001"], ["84077.5", "0.001"], ["84000", "0.01"], ["83990.2", "0.001"], ["83968", "0.001"], ["83897", "0.002"], ["83887.3", "0.001"], ["83818.1", "0.002"], ["83799.9", "0.015"], ["83754.6", "0.001"], ["83682.3", "0.002"], ["83670", "0.029"], ["83501.9", "0.001"], ["83500", "0.009"], ["83379.3", "0.008"], ["83343.9", "0.001"], ["83325.2", "0.002"], ["83312", "0.001"], ["83264", "0.001"], ["83262.4", "0.004"], ["83248.6", "0.001"], ["83224", "0.015"], ["83180.6", "20"], ["83169", "0.738"], ["83145.1", "0.001"], ["83116.5", "0.001"], ["83000", "0.012"], ["82984.3", "0.001"], ["82947.6", "0.001"], ["82900", "0.001"], ["82886.3", "0.026"], ["82814.5", "0.002"], ["82770.7", "0.001"], ["82731.1", "0.001"], ["82656", "0.001"], ["82603.7", "0.003"], ["82526.7", "0.001"], ["82523.6", "0.002"], ["82500", "0.009"], ["82457.3", "0.001"], ["82418.5", "0.001"], ["82345.7", "0.001"], ["82331", "0.029"], ["82266.6", "0.015"], ["82250.8", "0.001"], ["82212.8", "0.001"], ["82045.3", "0.001"], ["82008.2", "20"], ["82000", "0.011"], ["81960.3", "0.001"], ["81731.9", "0.002"], ["81644.8", "0.001"], ["81574.9", "0.001"], ["81573", "0.001"], ["81570.7", "0.001"], ["81506", "0.001"], ["81500", "0.009"], ["81344", "0.001"], ["81330.5", "0.002"], ["81318.6", "0.001"], ["81297.3", "0.001"], ["81280.4", "0.001"], ["81190.7", "0.001"], ["81189.5", "0.001"], ["81156.7", "0.08"], ["81074.6", "0.003"], ["81031.8", "0.015"], ["81000", "0.01"], ["80835.7", "20"], ["80804.1", "0.001"], ["80733.3", "0.015"], ["80727.6", "0.001"], ["80688", "0.001"], ["80684", "0.001"], ["80649.4", "0.002"], ["80626.5", "0.008"], ["80586.5", "0.001"], ["80500", "0.009"], ["80418.7", "0.001"], ["80381.9", "0.001"], ["80348", "0.001"], ["80336.1", "0.001"], ["80316.6", "0.001"], ["80234.3", "0.001"], ["80178.4", "0.001"], ["80064.5", "0.001"], ["80033.3", "0.001"], ["80032", "0.001"], ["80000", "0.011"], ["79882.1", "0.001"], ["79866.5", "0.001"], ["79813.4", "0.001"], ["79797.4", "0.001"], ["79756.5", "0.001"], ["79684.5", "0.001"], ["79663.3", "20"], ["79647.9", "0.001"], ["79566.8", "0.002"], ["79481.4", "0.001"], ["79430.8", "0.001"], ["79415.7", "0.001"], ["79392.1", "0.004"], ["79376", "0.001"], ["79335.9", "0.002"], ["79288.2", "0.002"], ["79262.5", "0.001"], ["79255.3", "0.001"], ["79199.9", "0.015"], ["79036.7", "0.001"], ["79026.6", "0.001"], ["79013.5", "0.001"], ["78910.7", "0.001"], ["78877", "0.001"], ["78839.6", "0.015"], ["78729.1", "0.001"], ["78720", "0.001"], ["78719.2", "0.003"], ["78626.8", "0.001"], ["78623", "0.001"], ["78596.9", "0.002"], ["78569.4", "0.001"], ["78545.4", "0.001"], ["78490.8", "20"], ["78484.3", "0.002"], ["78483.3", "0.001"], ["78414.4", "0.001"], ["78295.9", "0.001"], ["78191.2", "0.001"], ["78065", "0.001"], ["78064", "0.001"], ["78024.1", "0.001"], ["77941.9", "0.001"], ["77910", "0.029"], ["77873.6", "0.008"], ["77870.1", "0.08"], ["77831.7", "0.006"], ["77772.1", "0.001"], ["77676.4", "0.01"], ["77666.6", "0.015"], ["77580.4", "0.068"], ["77550.9", "0.001"], ["77408", "0.001"], ["77401.7", "0.002"], ["77397.7", "0.001"], ["77345.8", "0.001"], ["77341.2", "0.002"], ["77328.1", "0.001"], ["77318.4", "20"], ["77220.7", "0.007"], ["77181.4", "0.001"], ["77154", "0.001"], ["77137.5", "0.001"], ["77115.2", "0.001"], ["77006.5", "0.01"], ["77000", "0.002"], ["76973.7", "0.039"], ["76962.3", "0.001"], ["76951.5", "0.001"], ["76936.1", "0.012"], ["76917.5", "0.001"], ["76888.9", "0.001"], ["76796.8", "0.001"], ["76752", "0.001"], ["76647.4", "0.015"], ["76629.7", "0.002"], ["76618.5", "0.001"], ["76500.3", "0.001"], ["76396.7", "0.001"], ["76364", "0.001"], ["76363.8", "0.003"], ["76341.1", "0.004"], ["76336.6", "0.01"], ["76319.2", "0.002"], ["76265.5", "0.001"], ["76250.8", "0.001"], ["76203.3", "0.003"], ["76176.9", "0.001"], ["76145.9", "20"], ["76133.3", "0.015"], ["76096", "0.001"], ["76062.9", "0.001"]], "a": [["84974.3", "0.001"], ["84979.6", "948.503"], ["85081.4", "0.002"], ["85428.9", "0.001"], ["85500", "0.009"], ["85814.3", "0.001"], ["85936", "0.001"], ["85942.2", "0.001"], ["86000", "0.009"], ["86003.8", "0.001"], ["86062.1", "0.002"], ["86199.7", "0.001"], ["86318.5", "0.001"], ["86348", "0.029"], ["86500", "0.009"], ["86585.1", "0.001"], ["86592", "0.001"], ["86645.8", "0.001"], ["86866.6", "0.015"], ["86867.5", "0.001"], ["86874.6", "0.001"], ["86890.5", "0.001"], ["86970.5", "0.001"], ["87000", "0.009"], ["87127.1", "0.001"], ["87144.6", "0.002"], ["87173.2", "0.001"], ["87248", "0.001"], ["87314.5", "0.002"], ["87355.9", "0.001"], ["87491.3", "0.001"], ["87500", "0.009"], ["87608.3", "0.015"], ["87686.9", "0.029"], ["87741.3", "0.001"], ["87777.1", "0.001"], ["87807", "0.001"], ["87818.7", "0.001"], ["87904", "0.001"], ["88000", "0.009"], ["88027.8", "0.001"], ["88126.7", "0.001"], ["88227.2", "0.002"], ["88336.7", "0.001"], ["88342.7", "0.001"], ["88399.9", "0.015"], ["88500", "0.009"], ["88512.1", "0.001"], ["88521.9", "0.094"], ["88522", "0.099"], ["88522.1", "0.105"], ["88522.2", "0.098"], ["88522.3", "0.089"], ["88522.4", "0.102"], ["88522.5", "0.088"], ["88522.6", "0.095"], ["88560", "0.001"], ["88579.2", "0.001"], ["88652.3", "0.135"], ["88652.4", "0.163"], ["88652.5", "0.135"], ["88652.6", "0.145"], ["88652.7", "0.13"], ["88652.8", "0.132"], ["88652.9", "0.13"], ["88653", "0.164"], ["88663.8", "0.001"], ["88691.2", "0.053"], ["88691.3", "0.054"], ["88691.4", "0.038"], ["88691.5", "0.036"], ["88691.6", "0.041"], ["88691.7", "0.054"], ["88691.8", "0.051"], ["88691.9", "0.047"], ["88725.4", "0.001"], ["88739.4", "0.001"], ["88770", "0.001"], ["88882.4", "0.001"], ["88884.9", "0.008"], ["88897.5", "0.001"], ["89000", "0.011"], ["89025.9", "0.029"], ["89182.2", "0.001"], ["89216", "0.001"], ["89282.9", "0.001"], ["89309.1", "0.002"], ["89309.7", "0.002"], ["89404", "0.001"], ["89500", "0.009"], ["89550.4", "0.001"], ["89668.3", "0.001"], ["89671.7", "0.001"], ["89721.2", "0.001"], ["89737.1", "0.001"], ["89800.5", "0.015"], ["89872", "0.001"], ["89933.3", "0.015"], ["90000", "0.009"], ["90027.6", "0.001"], ["90031.3", "0.001"], ["90053.7", "0.001"], ["90133.4", "0.002"], ["90266.7", "0.002"], ["90364.9", "0.029"], ["90377", "0.002"], ["90392.3", "0.002"], ["90400", "0.002"], ["90437", "0.001"], ["90439.1", "0.001"], ["90500", "0.009"], ["90528", "0.001"], ["90533.4", "0.002"], ["90591.7", "0.001"], ["90604.1", "0.001"], ["90666.7", "0.002"], ["90672.4", "0.001"], ["90800", "0.002"], ["90824.5", "0.001"], ["90873.1", "0.001"], ["90933.4", "0.002"], ["91000", "0.009"], ["91016.6", "0.08"], ["91066.7", "0.002"], ["91184", "0.001"], ["91200", "0.002"], ["91209.9", "0.001"], ["91214.1", "0.001"], ["91303.8", "0.002"], ["91323.7", "0.001"], ["91333.4", "0.002"], ["91446.4", "0.001"], ["91466.6", "0.015"], ["91466.7", "0.002"], ["91474.8", "0.002"], ["91483.4", "0.001"], ["91500", "0.009"], ["91536.5", "0.001"], ["91595.3", "0.001"], ["91600", "0.002"], ["91623.7", "0.001"], ["91637.7", "0.008"], ["91691.6", "0.001"], ["91696.4", "0.001"], ["91703.9", "0.029"], ["91718.5", "0.001"], ["91733.4", "0.002"], ["91840", "0.001"], ["91866.7", "0.002"], ["91962.7", "0.001"], ["91980.8", "0.001"], ["91992.7", "0.015"], ["92000", "0.013"], ["92133.4", "0.002"], ["92210.3", "0.001"], ["92266.7", "0.002"], ["92301", "0.001"], ["92366.2", "0.001"], ["92377.2", "0.001"], ["92400", "0.002"], ["92457.4", "0.001"], ["92468.8", "0.001"], ["92470.4", "0.002"], ["92491.3", "0.001"], ["92496", "0.001"], ["92500", "0.009"], ["92533.4", "0.002"], ["92557.4", "0.002"], ["92564", "0.001"], ["92574.9", "0.001"], ["92666.7", "0.002"], ["92751.6", "0.001"], ["92800", "0.002"], ["92933.4", "0.002"], ["92935.6", "0.001"], ["93000", "0.024"], ["93042.8", "0.029"], ["93066.7", "0.002"], ["93096.9", "0.001"], ["93137", "0.001"], ["93152", "0.001"], ["93155.6", "0.001"], ["93200", "0.002"], ["93254", "0.001"], ["93254.2", "0.001"], ["93298.4", "0.002"], ["93333.4", "0.002"], ["93401.2", "0.001"], ["93409.5", "0.001"], ["93466.7", "0.002"], ["93500", "0.009"], ["93522.4", "0.001"], ["93526.1", "0.001"], ["93600", "0.002"], ["93639.9", "0.002"], ["93727.2", "0.001"], ["93733.4", "0.002"], ["93794.5", "0.001"], ["93808", "0.001"], ["93866.7", "0.002"]], "ts": 1752417676293, "u": 380412, "seq": 9491714690, "cts": 1752417676260}
{"s": "BTCUSDT", "b": [["84965", "0.001"], ["84954.9", "0.001"], ["84819.1", "0.001"], ["84809.1", "0.001"], ["84760.3", "0.07"], ["84741.7", "0.002"], ["84676.5", "0.001"], ["84658.1", "0.001"], ["84624", "0.001"], ["84609.3", "0.001"], ["84601.6", "0.007"], ["84500", "0.009"], ["84443.4", "0.08"], ["84389.1", "0.001"], ["84353.1", "20"], ["84280", "0.364"], ["84272.7", "0.001"], ["84230.6", "0.001"], ["84222.9", "0.001"], ["84109.4", "0.001"], ["84077.5", "0.001"], ["84000", "0.01"], ["83990.2", "0.001"], ["83968", "0.001"], ["83897", "0.002"], ["83887.3", "0.001"], ["83818.1", "0.002"], ["83799.9", "0.015"], ["83754.6", "0.001"], ["83682.3", "0.002"], ["83670", "0.029"], ["83501.9", "0.001"], ["83500", "0.009"], ["83379.3", "0.008"], ["83343.9", "0.001"], ["83325.2", "0.002"], ["83312", "0.001"], ["83264", "0.001"], ["83262.4", "0.004"], ["83248.6", "0.001"], ["83224", "0.015"], ["83180.6", "20"], ["83169", "0.738"], ["83145.1", "0.001"], ["83116.5", "0.001"], ["83000", "0.012"], ["82984.3", "0.001"], ["82947.6", "0.001"], ["82900", "0.001"], ["82886.3", "0.026"], ["82814.5", "0.002"], ["82770.7", "0.001"], ["82731.1", "0.001"], ["82656", "0.001"], ["82603.7", "0.003"], ["82526.7", "0.001"], ["82523.6", "0.002"], ["82500", "0.009"], ["82457.3", "0.001"], ["82418.5", "0.001"], ["82345.7", "0.001"], ["82331", "0.029"], ["82266.6", "0.015"], ["82250.8", "0.001"], ["82212.8", "0.001"], ["82045.3", "0.001"], ["82008.2", "20"], ["82000", "0.011"], ["81960.3", "0.001"], ["81731.9", "0.002"], ["81644.8", "0.001"], ["81574.9", "0.001"], ["81573", "0.001"], ["81570.7", "0.001"], ["81506", "0.001"], ["81500", "0.009"], ["81344", "0.001"], ["81330.5", "0.002"], ["81318.6", "0.001"], ["81297.3", "0.001"], ["81280.4", "0.001"], ["81190.7", "0.001"], ["81189.5", "0.001"], ["81156.7", "0.08"], ["81074.6", "0.003"], ["81031.8", "0.015"], ["81000", "0.01"], ["80835.7", "20"], ["80804.1", "0.001"], ["80733.3", "0.015"], ["80727.6", "0.001"], ["80688", "0.001"], ["80684", "0.001"], ["80649.4", "0.002"], ["80626.5", "0.008"], ["80586.5", "0.001"], ["80500", "0.009"], ["80418.7", "0.001"], ["80381.9", "0.001"], ["80348", "0.001"], ["80336.1", "0.001"], ["80316.6", "0.001"], ["80234.3", "0.001"], ["80178.4", "0.001"], ["80064.5", "0.001"], ["80033.3", "0.001"], ["80032", "0.001"], ["80000", "0.011"], ["79882.1", "0.001"], ["79866.5", "0.001"], ["79813.4", "0.001"], ["79797.4", "0.001"], ["79756.5", "0.001"], ["79684.5", "0.001"], ["79663.3", "20"], ["79647.9", "0.001"], ["79566.8", "0.002"], ["79481.4", "0.001"], ["79430.8", "0.001"], ["79415.7", "0.001"], ["79392.1", "0.004"], ["79376", "0.001"], ["79335.9", "0.002"], ["79288.2", "0.002"], ["79262.5", "0.001"], ["79255.3", "0.001"], ["79199.9", "0.015"], ["79036.7", "0.001"], ["79026.6", "0.001"], ["79013.5", "0.001"], ["78910.7", "0.001"], ["78877", "0.001"], ["78839.6", "0.015"], ["78729.1", "0.001"], ["78720", "0.001"], ["78719.2", "0.003"], ["78626.8", "0.001"], ["78623", "0.001"], ["78596.9", "0.002"], ["78569.4", "0.001"], ["78545.4", "0.001"], ["78490.8", "20"], ["78484.3", "0.002"], ["78483.3", "0.001"], ["78414.4", "0.001"], ["78295.9", "0.001"], ["78191.2", "0.001"], ["78065", "0.001"], ["78064", "0.001"], ["78024.1", "0.001"], ["77941.9", "0.001"], ["77910", "0.029"], ["77873.6", "0.008"], ["77870.1", "0.08"], ["77831.7", "0.006"], ["77772.1", "0.001"], ["77676.4", "0.01"], ["77666.6", "0.015"], ["77580.4", "0.068"], ["77550.9", "0.001"], ["77408", "0.001"], ["77401.7", "0.002"], ["77397.7", "0.001"], ["77345.8", "0.001"], ["77341.2", "0.002"], ["77328.1", "0.001"], ["77318.4", "20"], ["77220.7", "0.007"], ["77181.4", "0.001"], ["77154", "0.001"], ["77137.5", "0.001"], ["77115.2", "0.001"], ["77006.5", "0.01"], ["77000", "0.002"], ["76973.7", "0.039"], ["76962.3", "0.001"], ["76951.5", "0.001"], ["76936.1", "0.012"], ["76917.5", "0.001"], ["76888.9", "0.001"], ["76796.8", "0.001"], ["76752", "0.001"], ["76647.4", "0.015"], ["76629.7", "0.002"], ["76618.5", "0.001"], ["76500.3", "0.001"], ["76396.7", "0.001"], ["76364", "0.001"], ["76363.8", "0.003"], ["76341.1", "0.004"], ["76336.6", "0.01"], ["76319.2", "0.002"], ["76265.5", "0.001"], ["76250.8", "0.001"], ["76203.3", "0.003"], ["76176.9", "0.001"], ["76145.9", "20"], ["76133.3", "0.015"], ["76096", "0.001"], ["76062.9", "0.001"]], "a": [["84974.3", "0.001"], ["84979.6", "948.503"], ["85081.4", "0.002"], ["85428.9", "0.001"], ["85500", "0.009"], ["85814.3", "0.001"], ["85936", "0.001"], ["85942.2", "0.001"], ["86000", "0.009"], ["86003.8", "0.001"], ["86062.1", "0.002"], ["86199.7", "0.001"], ["86318.5", "0.001"], ["86348", "0.029"], ["86500", "0.009"], ["86585.1", "0.001"], ["86592", "0.001"], ["86645.8", "0.001"], ["86866.6", "0.015"], ["86867.5", "0.001"], ["86874.6", "0.001"], ["86890.5", "0.001"], ["86970.5", "0.001"], ["87000", "0.009"], ["87127.1", "0.001"], ["87144.6", "0.002"], ["87173.2", "0.001"], ["87248", "0.001"], ["87314.5", "0.002"], ["87355.9", "0.001"], ["87491.3", "0.001"], ["87500", "0.009"], ["87608.3", "0.015"], ["87686.9", "0.029"], ["87741.3", "0.001"], ["87777.1", "0.001"], ["87807", "0.001"], ["87818.7", "0.001"], ["87904", "0.001"], ["88000", "0.009"], ["88027.8", "0.001"], ["88126.7", "0.001"], ["88227.2", "0.002"], ["88336.7", "0.001"], ["88342.7", "0.001"], ["88399.9", "0.015"], ["88500", "0.009"], ["88512.1", "0.001"], ["88521.9", "0.094"], ["88522", "0.099"], ["88522.1", "0.105"], ["88522.2", "0.098"], ["88522.3", "0.089"], ["88522.4", "0.102"], ["88522.5", "0.088"], ["88522.6", "0.095"], ["88560", "0.001"], ["88579.2", "0.001"], ["88652.3", "0.135"], ["88652.4", "0.163"], ["88652.5", "0.135"], ["88652.6", "0.145"], ["88652.7", "0.13"], ["88652.8", "0.132"], ["88652.9", "0.13"], ["88653", "0.164"], ["88663.8", "0.001"], ["88691.2", "0.053"], ["88691.3", "0.054"], ["88691.4", "0.038"], ["88691.5", "0.036"], ["88691.6", "0.041"], ["88691.7", "0.054"], ["88691.8", "0.051"], ["88691.9", "0.047"], ["88725.4", "0.001"], ["88739.4", "0.001"], ["88770", "0.001"], ["88882.4", "0.001"], ["88884.9", "0.008"], ["88897.5", "0.001"], ["89000", "0.011"], ["89025.9", "0.029"], ["89182.2", "0.001"], ["89216", "0.001"], ["89282.9", "0.001"], ["89309.1", "0.002"], ["89309.7", "0.002"], ["89404", "0.001"], ["89500", "0.009"], ["89550.4", "0.001"], ["89668.3", "0.001"], ["89671.7", "0.001"], ["89721.2", "0.001"], ["89737.1", "0.001"], ["89800.5", "0.015"], ["89872", "0.001"], ["89933.3", "0.015"], ["90000", "0.009"], ["90027.6", "0.001"], ["90031.3", "0.001"], ["90053.7", "0.001"], ["90133.4", "0.002"], ["90266.7", "0.002"], ["90364.9", "0.029"], ["90377", "0.002"], ["90392.3", "0.002"], ["90400", "0.002"], ["90437", "0.001"], ["90439.1", "0.001"], ["90500", "0.009"], ["90528", "0.001"], ["90533.4", "0.002"], ["90591.7", "0.001"], ["90604.1", "0.001"], ["90666.7", "0.002"], ["90672.4", "0.001"], ["90800", "0.002"], ["90824.5", "0.001"], ["90873.1", "0.001"], ["90933.4", "0.002"], ["91000", "0.009"], ["91016.6", "0.08"], ["91066.7", "0.002"], ["91184", "0.001"], ["91200", "0.002"], ["91209.9", "0.001"], ["91214.1", "0.001"], ["91303.8", "0.002"], ["91323.7", "0.001"], ["91333.4", "0.002"], ["91446.4", "0.001"], ["91466.6", "0.015"], ["91466.7", "0.002"], ["91474.8", "0.002"], ["91483.4", "0.001"], ["91500", "0.009"], ["91536.5", "0.001"], ["91595.3", "0.001"], ["91600", "0.002"], ["91623.7", "0.001"], ["91637.7", "0.008"], ["91691.6", "0.001"], ["91696.4", "0.001"], ["91703.9", "0.029"], ["91718.5", "0.001"], ["91733.4", "0.002"], ["91840", "0.001"], ["91866.7", "0.002"], ["91962.7", "0.001"], ["91980.8", "0.001"], ["91992.7", "0.015"], ["92000", "0.013"], ["92133.4", "0.002"], ["92210.3", "0.001"], ["92266.7", "0.002"], ["92301", "0.001"], ["92366.2", "0.001"], ["92377.2", "0.001"], ["92400", "0.002"], ["92457.4", "0.001"], ["92468.8", "0.001"], ["92470.4", "0.002"], ["92491.3", "0.001"], ["92496", "0.001"], ["92500", "0.009"], ["92533.4", "0.002"], ["92557.4", "0.002"], ["92564", "0.001"], ["92574.9", "0.001"], ["92666.7", "0.002"], ["92751.6", "0.001"], ["92800", "0.002"], ["92933.4", "0.002"], ["92935.6", "0.001"], ["93000", "0.024"], ["93042.8", "0.029"], ["93066.7", "0.002"], ["93096.9", "0.001"], ["93137", "0.001"], ["93152", "0.001"], ["93155.6", "0.001"], ["93200", "0.002"], ["93254", "0.001"], ["93254.2", "0.001"], ["93298.4", "0.002"], ["93333.4", "0.002"], ["93401.2", "0.001"], ["93409.5", "0.001"], ["93466.7", "0.002"], ["93500", "0.009"], ["93522.4", "0.001"], ["93526.1", "0.001"], ["93600", "0.002"], ["93639.9", "0.002"], ["93727.2", "0.001"], ["93733.4", "0.002"], ["93794.5", "0.001"], ["93808", "0.001"], ["93866.7", "0.002"]], "ts": 1752417676493, "u": 380412, "seq": 9491714690, "cts": 1752417676260}
{"s": "BTCUSDT", "b": [["84819.1", "0.001"], ["84809.1", "0.001"], ["84760.3", "0.07"], ["84741.7", "0.002"], ["84676.5", "0.001"], ["84658.1", "0.001"], ["84624", "0.001"], ["84609.3", "0.001"], ["84601.6", "0.007"], ["84500", "0.009"], ["84443.4", "0.08"], ["84389.1", "0.001"], ["84353.1", "20"], ["84280", "0.364"], ["84272.7", "0.001"], ["84230.6", "0.001"], ["84222.9", "0.001"], ["84109.4", "0.001"], ["84077.5", "0.001"], ["84000", "0.01"], ["83990.2", "0.001"], ["83968", "0.001"], ["83897", "0.002"], ["83887.3", "0.001"], ["83818.1", "0.002"], ["83799.9", "0.015"], ["83754.6", "0.001"], ["83682.3", "0.002"], ["83670", "0.029"], ["83501.9", "0.001"], ["83500", "0.009"], ["83379.3", "0.008"], ["83343.9", "0.001"], ["83325.2", "0.002"], ["83312", "0.001"], ["83264", "0.001"], ["83262.4", "0.004"], ["83248.6", "0.001"], ["83224", "0.015"], ["83180.6", "20"], ["83169", "0.738"], ["83145.1", "0.001"], ["83116.5", "0.001"], ["83000", "0.012"], ["82984.3", "0.001"], ["82947.6", "0.001"], ["82900", "0.001"], ["82886.3", "0.026"], ["82814.5", "0.002"], ["82770.7", "0.001"], ["82731.1", "0.001"], ["82656", "0.001"], ["82603.7", "0.003"], ["82526.7", "0.001"], ["82523.6", "0.002"], ["82500", "0.009"], ["82457.3", "0.001"], ["82418.5", "0.001"], ["82345.7", "0.001"], ["82331", "0.029"], ["82266.6", "0.015"], ["82250.8", "0.001"], ["82212.8", "0.001"], ["82045.3", "0.001"], ["82008.2", "20"], ["82000", "0.011"], ["81960.3", "0.001"], ["81731.9", "0.002"], ["81644.8", "0.001"], ["81574.9", "0.001"], ["81573", "0.001"], ["81570.7", "0.001"], ["81506", "0.001"], ["81500", "0.009"], ["81344", "0.001"], ["81330.5", "0.002"], ["81318.6", "0.001"], ["81297.3", "0.001"], ["81280.4", "0.001"], ["81190.7", "0.001"], ["81189.5", "0.001"], ["81156.7", "0.08"], ["81074.6", "0.003"], ["81031.8", "0.015"], ["81000", "0.01"], ["80835.7", "20"], ["80804.1", "0.001"], ["80733.3", "0.015"], ["80727.6", "0.001"], ["80688", "0.001"], ["80684", "0.001"], ["80649.4", "0.002"], ["80626.5", "0.008"], ["80586.5", "0.001"], ["80500", "0.009"], ["80418.7", "0.001"], ["80381.9", "0.001"], ["80348", "0.001"], ["80336.1", "0.001"], ["80316.6", "0.001"], ["80234.3", "0.001"], ["80178.4", "0.001"], ["80064.5", "0.001"], ["80033.3", "0.001"], ["80032", "0.001"], ["80000", "0.011"], ["79882.1", "0.001"], ["79866.5", "0.001"], ["79813.4", "0.001"], ["79797.4", "0.001"], ["79756.5", "0.001"], ["79684.5", "0.001"], ["79663.3", "20"], ["79647.9", "0.001"], ["79566.8", "0.002"], ["79481.4", "0.001"], ["79430.8", "0.001"], ["79415.7", "0.001"], ["79392.1", "0.004"], ["79376", "0.001"], ["79335.9", "0.002"], ["79288.2", "0.002"], ["79262.5", "0.001"], ["79255.3", "0.001"], ["79199.9", "0.015"], ["79036.7", "0.001"], ["79026.6", "0.001"], ["79013.5", "0.001"], ["78910.7", "0.001"], ["78877", "0.001"], ["78839.6", "0.015"], ["78729.1", "0.001"], ["78720", "0.001"], ["78719.2", "0.003"], ["78626.8", "0.001"], ["78623", "0.001"], ["78596.9", "0.002"], ["78569.4", "0.001"], ["78545.4", "0.001"], ["78490.8", "20"], ["78484.3", "0.002"], ["78483.3", "0.001"], ["78414.4", "0.001"], ["78295.9", "0.001"], ["78191.2", "0.001"], ["78065", "0.001"], ["78064", "0.001"], ["78024.1", "0.001"], ["77941.9", "0.001"], ["77910", "0.029"], ["77873.6", "0.008"], ["77870.1", "0.08"], ["77831.7", "0.006"], ["77772.1", "0.001"], ["77676.4", "0.01"], ["77666.6", "0.015"], ["77580.4", "0.068"], ["77550.9", "0.001"], ["77408", "0.001"], ["77401.7", "0.002"], ["77397.7", "0.001"], ["77345.8", "0.001"], ["77341.2", "0.002"], ["77328.1", "0.001"], ["77318.4", "20"], ["77220.7", "0.007"], ["77181.4", "0.001"], ["77154", "0.001"], ["77137.5", "0.001"], ["77115.2", "0.001"], ["77006.5", "0.01"], ["77000", "0.002"], ["76973.7", "0.039"], ["76962.3", "0.001"], ["76951.5", "0.001"], ["76936.1", "0.012"], ["76917.5", "0.001"], ["76888.9", "0.001"], ["76796.8", "0.001"], ["76752", "0.001"], ["76647.4", "0.015"], ["76629.7", "0.002"], ["76618.5", "0.001"], ["76500.3", "0.001"], ["76396.7", "0.001"], ["76364", "0.001"], ["76363.8", "0.003"], ["76341.1", "0.004"], ["76336.6", "0.01"], ["76319.2", "0.002"], ["76265.5", "0.001"], ["76250.8", "0.001"], ["76203.3", "0.003"], ["76176.9", "0.001"], ["76145.9", "20"], ["76133.3", "0.015"], ["76096", "0.001"], ["76062.9", "0.001"], ["75922.2", "0.012"], ["75886.1", "0.001"]], "a": [["84974.3", "0.001"], ["84979.6", "948.503"], ["85081.4", "0.002"], ["85428.9", "0.001"], ["85500", "0.009"], ["85800.3", "0.001"], ["85814.3", "0.001"], ["85916.3", "0.001"], ["85936", "0.001"], ["85942.2", "0.001"], ["86000", "0.009"], ["86003.8", "0.001"], ["86062.1", "0.002"], ["86199.7", "0.001"], ["86318.5", "0.001"], ["86348", "0.029"], ["86500", "0.009"], ["86585.1", "0.001"], ["86592", "0.001"], ["86645.8", "0.001"], ["86866.6", "0.015"], ["86867.5", "0.001"], ["86874.6", "0.001"], ["86890.5", "0.001"], ["86970.5", "0.001"], ["87000", "0.009"], ["87127.1", "0.001"], ["87144.6", "0.002"], ["87173.2", "0.001"], ["87248", "0.001"], ["87314.5", "0.002"], ["87355.9", "0.001"], ["87491.3", "0.001"], ["87500", "0.009"], ["87608.3", "0.015"], ["87686.9", "0.029"], ["87741.3", "0.001"], ["87777.1", "0.001"], ["87807", "0.001"], ["87818.7", "0.001"], ["87904", "0.001"], ["88000", "0.009"], ["88027.8", "0.001"], ["88126.7", "0.001"], ["88227.2", "0.002"], ["88336.7", "0.001"], ["88342.7", "0.001"], ["88399.9", "0.015"], ["88500", "0.009"], ["88512.1", "0.001"], ["88521.9", "0.094"], ["88522", "0.099"], ["88522.1", "0.105"], ["88522.2", "0.098"], ["88522.3", "0.089"], ["88522.4", "0.102"], ["88522.5", "0.088"], ["88522.6", "0.095"], ["88560", "0.001"], ["88579.2", "0.001"], ["88652.3", "0.135"], ["88652.4", "0.163"], ["88652.5", "0.135"], ["88652.6", "0.145"], ["88652.7", "0.13"], ["88652.8", "0.132"], ["88652.9", "0.13"], ["88653", "0.164"], ["88663.8", "0.001"], ["88691.2", "0.053"], ["88691.3", "0.054"], ["88691.4", "0.038"], ["88691.5", "0.036"], ["88691.6", "0.041"], ["88691.7", "0.054"], ["88691.8", "0.051"], ["88691.9", "0.047"], ["88725.4", "0.001"], ["88739.4", "0.001"], ["88770", "0.001"], ["88882.4", "0.001"], ["88884.9", "0.008"], ["88897.5", "0.001"], ["89000", "0.011"], ["89025.9", "0.029"], ["89182.2", "0.001"], ["89216", "0.001"], ["89282.9", "0.001"], ["89309.1", "0.002"], ["89309.7", "0.002"], ["89404", "0.001"], ["89500", "0.009"], ["89550.4", "0.001"], ["89668.3", "0.001"], ["89671.7", "0.001"], ["89721.2", "0.001"], ["89737.1", "0.001"], ["89800.5", "0.015"], ["89872", "0.001"], ["89933.3", "0.015"], ["90000", "0.009"], ["90027.6", "0.001"], ["90031.3", "0.001"], ["90053.7", "0.001"], ["90133.4", "0.002"], ["90266.7", "0.002"], ["90364.9", "0.029"], ["90377", "0.002"], ["90392.3", "0.002"], ["90400", "0.002"], ["90437", "0.001"], ["90439.1", "0.001"], ["90500", "0.009"], ["90528", "0.001"], ["90533.4", "0.002"], ["90591.7", "0.001"], ["90604.1", "0.001"], ["90666.7", "0.002"], ["90672.4", "0.001"], ["90800", "0.002"], ["90824.5", "0.001"], ["90873.1", "0.001"], ["90933.4", "0.002"], ["91000", "0.009"], ["91016.6", "0.08"], ["91066.7", "0.002"], ["91184", "0.001"], ["91200", "0.002"], ["91209.9", "0.001"], ["91214.1", "0.001"], ["91303.8", "0.002"], ["91323.7", "0.001"], ["91333.4", "0.002"], ["91446.4", "0.001"], ["91466.6", "0.015"], ["91466.7", "0.002"], ["91474.8", "0.002"], ["91483.4", "0.001"], ["91500", "0.009"], ["91536.5", "0.001"], ["91595.3", "0.001"], ["91600", "0.002"], ["91623.7", "0.001"], ["91637.7", "0.008"], ["91691.6", "0.001"], ["91696.4", "0.001"], ["91703.9", "0.029"], ["91718.5", "0.001"], ["91733.4", "0.002"], ["91840", "0.001"], ["91866.7", "0.002"], ["91962.7", "0.001"], ["91980.8", "0.001"], ["91992.7", "0.015"], ["92000", "0.013"], ["92133.4", "0.002"], ["92210.3", "0.001"], ["92266.7", "0.002"], ["92301", "0.001"], ["92366.2", "0.001"], ["92377.2", "0.001"], ["92400", "0.002"], ["92457.4", "0.001"], ["92468.8", "0.001"], ["92470.4", "0.002"], ["92491.3", "0.001"], ["92496", "0.001"], ["92500", "0.009"], ["92533.4", "0.002"], ["92557.4", "0.002"], ["92564", "0.001"], ["92574.9", "0.001"], ["92666.7", "0.002"], ["92751.6", "0.001"], ["92800", "0.002"], ["92933.4", "0.002"], ["92935.6", "0.001"], ["93000", "0.024"], ["93042.8", "0.029"], ["93066.7", "0.002"], ["93096.9", "0.001"], ["93137", "0.001"], ["93152", "0.001"], ["93155.6", "0.001"], ["93200", "0.002"], ["93254", "0.001"], ["93254.2", "0.001"], ["93298.4", "0.002"], ["93333.4", "0.002"], ["93401.2", "0.001"], ["93409.5", "0.001"], ["93466.7", "0.002"], ["93500", "0.009"], ["93522.4", "0.001"], ["93526.1", "0.001"], ["93600", "0.002"], ["93639.9", "0.002"], ["93727.2", "0.001"], ["93733.4", "0.002"], ["93794.5", "0.001"]], "ts": 1752417678592, "u": 380413, "seq": 9491714697, "cts": 1752417678575}
{"s": "BTCUSDT", "b": [["84819.1", "0.001"], ["84809.1", "0.001"], ["84760.3", "0.07"], ["84676.5", "0.001"], ["84658.1", "0.001"], ["84624", "0.001"], ["84609.3", "0.001"], ["84601.6", "0.007"], ["84500", "0.009"], ["84443.4", "0.08"], ["84389.1", "0.001"], ["84353.1", "20"], ["84280", "0.364"], ["84272.7", "0.001"], ["84230.6", "0.001"], ["84222.9", "0.001"], ["84109.4", "0.001"], ["84077.5", "0.001"], ["84000", "0.01"], ["83990.2", "0.001"], ["83968", "0.001"], ["83897", "0.002"], ["83887.3", "0.001"], ["83818.1", "0.002"], ["83799.9", "0.015"], ["83754.6", "0.001"], ["83682.3", "0.002"], ["83670", "0.029"], ["83501.9", "0.001"], ["83500", "0.009"], ["83379.3", "0.008"], ["83343.9", "0.001"], ["83325.2", "0.002"], ["83312", "0.001"], ["83264", "0.001"], ["83262.4", "0.004"], ["83248.6", "0.001"], ["83224", "0.015"], ["83180.6", "20"], ["83169", "0.738"], ["83145.1", "0.001"], ["83116.5", "0.001"], ["83000", "0.012"], ["82984.3", "0.001"], ["82947.6", "0.001"], ["82900", "0.001"], ["82886.3", "0.026"], ["82814.5", "0.002"], ["82770.7", "0.001"], ["82731.1", "0.001"], ["82656", "0.001"], ["82603.7", "0.003"], ["82526.7", "0.001"], ["82523.6", "0.002"], ["82500", "0.009"], ["82457.3", "0.001"], ["82418.5", "0.001"], ["82345.7", "0.001"], ["82331", "0.029"], ["82266.6", "0.015"], ["82250.8", "0.001"], ["82212.8", "0.001"], ["82045.3", "0.001"], ["82008.2", "20"], ["82000", "0.011"], ["81960.3", "0.001"], ["81731.9", "0.002"], ["81644.8", "0.001"], ["81574.9", "0.001"], ["81573", "0.001"], ["81570.7", "0.001"], ["81506", "0.001"], ["81500", "0.009"], ["81344", "0.001"], ["81330.5", "0.002"], ["81318.6", "0.001"], ["81297.3", "0.001"], ["81280.4", "0.001"], ["81190.7", "0.001"], ["81189.5", "0.001"], ["81156.7", "0.08"], ["81074.6", "0.003"], ["81031.8", "0.015"], ["81000", "0.01"], ["80835.7", "20"], ["80804.1", "0.001"], ["80733.3", "0.015"], ["80727.6", "0.001"], ["80688", "0.001"], ["80684", "0.001"], ["80649.4", "0.002"], ["80626.5", "0.008"], ["80586.5", "0.001"], ["80500", "0.009"], ["80418.7", "0.001"], ["80381.9", "0.001"], ["80348", "0.001"], ["80336.1", "0.001"], ["80316.6", "0.001"], ["80234.3", "0.001"], ["80178.4", "0.001"], ["80064.5", "0.001"], ["80033.3", "0.001"], ["80032", "0.001"], ["80000", "0.011"], ["79882.1", "0.001"], ["79866.5", "0.001"], ["79813.4", "0.001"], ["79797.4", "0.001"], ["79756.5", "0.001"], ["79684.5", "0.001"], ["79663.3", "20"], ["79647.9", "0.001"], ["79566.8", "0.002"], ["79481.4", "0.001"], ["79430.8", "0.001"], ["79415.7", "0.001"], ["79392.1", "0.004"], ["79376", "0.001"], ["79335.9", "0.002"], ["79288.2", "0.002"], ["79262.5", "0.001"], ["79255.3", "0.001"], ["79199.9", "0.015"], ["79036.7", "0.001"], ["79026.6", "0.001"], ["79013.5", "0.001"], ["78910.7", "0.001"], ["78877", "0.001"], ["78839.6", "0.015"], ["78729.1", "0.001"], ["78720", "0.001"], ["78719.2", "0.003"], ["78626.8", "0.001"], ["78623", "0.001"], ["78596.9", "0.002"], ["78569.4", "0.001"], ["78545.4", "0.001"], ["78490.8", "20"], ["78484.3", "0.002"], ["78483.3", "0.001"], ["78414.4", "0.001"], ["78295.9", "0.001"], ["78191.2", "0.001"], ["78065", "0.001"], ["78064", "0.001"], ["78024.1", "0.001"], ["77941.9", "0.001"], ["77910", "0.029"], ["77873.6", "0.008"], ["77870.1", "0.08"], ["77831.7", "0.006"], ["77772.1", "0.001"], ["77676.4", "0.01"], ["77666.6", "0.015"], ["77580.4", "0.068"], ["77550.9", "0.001"], ["77408", "0.001"], ["77401.7", "0.002"], ["77397.7", "0.001"], ["77345.8", "0.001"], ["77341.2", "0.002"], ["77328.1", "0.001"], ["77318.4", "20"], ["77220.7", "0.007"], ["77181.4", "0.001"], ["77154", "0.001"], ["77137.5", "0.001"], ["77115.2", "0.001"], ["77006.5", "0.01"], ["77000", "0.002"], ["76973.7", "0.039"], ["76962.3", "0.001"], ["76951.5", "0.001"], ["76936.1", "0.012"], ["76917.5", "0.001"], ["76888.9", "0.001"], ["76796.8", "0.001"], ["76752", "0.001"], ["76647.4", "0.015"], ["76629.7", "0.002"], ["76618.5", "0.001"], ["76500.3", "0.001"], ["76396.7", "0.001"], ["76364", "0.001"], ["76363.8", "0.003"], ["76341.1", "0.004"], ["76336.6", "0.01"], ["76319.2", "0.002"], ["76265.5", "0.001"], ["76250.8", "0.001"], ["76203.3", "0.003"], ["76176.9", "0.001"], ["76145.9", "20"], ["76133.3", "0.015"], ["76096", "0.001"], ["76062.9", "0.001"], ["75922.2", "0.012"], ["75886.1", "0.001"], ["75776.2", "0.001"]], "a": [["84974.3", "0.001"], ["84979.6", "948.503"], ["85428.9", "0.001"], ["85500", "0.009"], ["85800.3", "0.001"], ["85814.3", "0.001"], ["85916.3", "0.001"], ["85936", "0.001"], ["85942.2", "0.001"], ["86000", "0.009"], ["86003.8", "0.001"], ["86062.1", "0.002"], ["86199.7", "0.001"], ["86318.5", "0.001"], ["86348", "0.029"], ["86500", "0.009"], ["86585.1", "0.001"], ["86592", "0.001"], ["86645.8", "0.001"], ["86866.6", "0.015"], ["86867.5", "0.001"], ["86874.6", "0.001"], ["86890.5", "0.001"], ["86970.5", "0.001"], ["87000", "0.009"], ["87127.1", "0.001"], ["87144.6", "0.002"], ["87173.2", "0.001"], ["87248", "0.001"], ["87314.5", "0.002"], ["87355.9", "0.001"], ["87491.3", "0.001"], ["87500", "0.009"], ["87608.3", "0.015"], ["87686.9", "0.029"], ["87741.3", "0.001"], ["87777.1", "0.001"], ["87807", "0.001"], ["87818.7", "0.001"], ["87904", "0.001"], ["88000", "0.009"], ["88027.8", "0.001"], ["88126.7", "0.001"], ["88227.2", "0.002"], ["88336.7", "0.001"], ["88342.7", "0.001"], ["88399.9", "0.015"], ["88500", "0.009"], ["88512.1", "0.001"], ["88521.9", "0.094"], ["88522", "0.099"], ["88522.1", "0.105"], ["88522.2", "0.098"], ["88522.3", "0.089"], ["88522.4", "0.102"], ["88522.5", "0.088"], ["88522.6", "0.095"], ["88560", "0.001"], ["88579.2", "0.001"], ["88652.3", "0.135"], ["88652.4", "0.163"], ["88652.5", "0.135"], ["88652.6", "0.145"], ["88652.7", "0.13"], ["88652.8", "0.132"], ["88652.9", "0.13"], ["88653", "0.164"], ["88663.8", "0.001"], ["88691.2", "0.053"], ["88691.3", "0.054"], ["88691.4", "0.038"], ["88691.5", "0.036"], ["88691.6", "0.041"], ["88691.7", "0.054"], ["88691.8", "0.051"], ["88691.9", "0.047"], ["88725.4", "0.001"], ["88739.4", "0.001"], ["88770", "0.001"], ["88882.4", "0.001"], ["88884.9", "0.008"], ["88897.5", "0.001"], ["89000", "0.011"], ["89025.9", "0.029"], ["89182.2", "0.001"], ["89216", "0.001"], ["89282.9", "0.001"], ["89309.1", "0.002"], ["89309.7", "0.002"], ["89404", "0.001"], ["89500", "0.009"], ["89550.4", "0.001"], ["89668.3", "0.001"], ["89671.7", "0.001"], ["89721.2", "0.001"], ["89737.1", "0.001"], ["89800.5", "0.015"], ["89872", "0.001"], ["89933.3", "0.015"], ["90000", "0.009"], ["90027.6", "0.001"], ["90031.3", "0.001"], ["90053.7", "0.001"], ["90133.4", "0.002"], ["90266.7", "0.002"], ["90364.9", "0.029"], ["90377", "0.002"], ["90392.3", "0.002"], ["90400", "0.002"], ["90437", "0.001"], ["90439.1", "0.001"], ["90500", "0.009"], ["90528", "0.001"], ["90533.4", "0.002"], ["90591.7", "0.001"], ["90604.1", "0.001"], ["90666.7", "0.002"], ["90672.4", "0.001"], ["90800", "0.002"], ["90824.5", "0.001"], ["90873.1", "0.001"], ["90933.4", "0.002"], ["91000", "0.009"], ["91016.6", "0.08"], ["91066.7", "0.002"], ["91184", "0.001"], ["91200", "0.002"], ["91209.9", "0.001"], ["91214.1", "0.001"], ["91303.8", "0.002"], ["91323.7", "0.001"], ["91333.4", "0.002"], ["91446.4", "0.001"], ["91466.6", "0.015"], ["91466.7", "0.002"], ["91474.8", "0.002"], ["91483.4", "0.001"], ["91500", "0.009"], ["91536.5", "0.001"], ["91595.3", "0.001"], ["91600", "0.002"], ["91623.7", "0.001"], ["91637.7", "0.008"], ["91691.6", "0.001"], ["91696.4", "0.001"], ["91703.9", "0.029"], ["91718.5", "0.001"], ["91733.4", "0.002"], ["91840", "0.001"], ["91866.7", "0.002"], ["91962.7", "0.001"], ["91980.8", "0.001"], ["91992.7", "0.015"], ["92000", "0.013"], ["92133.4", "0.002"], ["92210.3", "0.001"], ["92266.7", "0.002"], ["92301", "0.001"], ["92366.2", "0.001"], ["92377.2", "0.001"], ["92400", "0.002"], ["92457.4", "0.001"], ["92468.8", "0.001"], ["92470.4", "0.002"], ["92491.3", "0.001"], ["92496", "0.001"], ["92500", "0.009"], ["92533.4", "0.002"], ["92557.4", "0.002"], ["92564", "0.001"], ["92574.9", "0.001"], ["92666.7", "0.002"], ["92751.6", "0.001"], ["92800", "0.002"], ["92933.4", "0.002"], ["92935.6", "0.001"], ["93000", "0.024"], ["93042.8", "0.029"], ["93066.7", "0.002"], ["93096.9", "0.001"], ["93137", "0.001"], ["93152", "0.001"], ["93155.6", "0.001"], ["93200", "0.002"], ["93254", "0.001"], ["93254.2", "0.001"], ["93298.4", "0.002"], ["93333.4", "0.002"], ["93401.2", "0.001"], ["93409.5", "0.001"], ["93466.7", "0.002"], ["93500", "0.009"], ["93522.4", "0.001"], ["93526.1", "0.001"], ["93600", "0.002"], ["93639.9", "0.002"], ["93727.2", "0.001"], ["93733.4", "0.002"], ["93794.5", "0.001"], ["93808", "0.001"]], "ts": 1752417679092, "u": 380414, "seq": 9491714700, "cts": 1752417679045}
{"s": "BTCUSDT", "b": [["84819.1", "0.001"], ["84809.1", "0.001"], ["84760.3", "0.07"], ["84689.6", "0.002"], ["84676.5", "0.001"], ["84658.1", "0.001"], ["84624", "0.001"], ["84609.3", "0.001"], ["84601.6", "0.007"], ["84500", "0.009"], ["84443.4", "0.08"], ["84389.1", "0.001"], ["84353.1", "20"], ["84280", "0.364"], ["84272.7", "0.001"], ["84230.6", "0.001"], ["84222.9", "0.001"], ["84109.4", "0.001"], ["84077.5", "0.001"], ["84000", "0.01"], ["83990.2", "0.001"], ["83968", "0.001"], ["83897", "0.002"], ["83887.3", "0.001"], ["83818.1", "0.002"], ["83799.9", "0.015"], ["83754.6", "0.001"], ["83682.3", "0.002"], ["83670", "0.029"], ["83501.9", "0.001"], ["83500", "0.009"], ["83379.3", "0.008"], ["83343.9", "0.001"], ["83325.2", "0.002"], ["83312", "0.001"], ["83264", "0.001"], ["83262.4", "0.004"], ["83248.6", "0.001"], ["83224", "0.015"], ["83180.6", "20"], ["83169", "0.738"], ["83145.1", "0.001"], ["83116.5", "0.001"], ["83000", "0.012"], ["82984.3", "0.001"], ["82947.6", "0.001"], ["82900", "0.001"], ["82886.3", "0.026"], ["82814.5", "0.002"], ["82770.7", "0.001"], ["82731.1", "0.001"], ["82656", "0.001"], ["82603.7", "0.003"], ["82526.7", "0.001"], ["82523.6", "0.002"], ["82500", "0.009"], ["82457.3", "0.001"], ["82418.5", "0.001"], ["82345.7", "0.001"], ["82331", "0.029"], ["82266.6", "0.015"], ["82250.8", "0.001"], ["82212.8", "0.001"], ["82045.3", "0.001"], ["82008.2", "20"], ["82000", "0.011"], ["81960.3", "0.001"], ["81731.9", "0.002"], ["81644.8", "0.001"], ["81574.9", "0.001"], ["81573", "0.001"], ["81570.7", "0.001"], ["81506", "0.001"], ["81500", "0.009"], ["81344", "0.001"], ["81330.5", "0.002"], ["81318.6", "0.001"], ["81297.3", "0.001"], ["81280.4", "0.001"], ["81190.7", "0.001"], ["81189.5", "0.001"], ["81156.7", "0.08"], ["81074.6", "0.003"], ["81031.8", "0.015"], ["81000", "0.01"], ["80835.7", "20"], ["80804.1", "0.001"], ["80733.3", "0.015"], ["80727.6", "0.001"], ["80688", "0.001"], ["80684", "0.001"], ["80649.4", "0.002"], ["80626.5", "0.008"], ["80586.5", "0.001"], ["80500", "0.009"], ["80418.7", "0.001"], ["80381.9", "0.001"], ["80348", "0.001"], ["80336.1", "0.001"], ["80316.6", "0.001"], ["80234.3", "0.001"], ["80178.4", "0.001"], ["80064.5", "0.001"], ["80033.3", "0.001"], ["80032", "0.001"], ["80000", "0.011"], ["79882.1", "0.001"], ["79866.5", "0.001"], ["79813.4", "0.001"], ["79797.4", "0.001"], ["79756.5", "0.001"], ["79684.5", "0.001"], ["79663.3", "20"], ["79647.9", "0.001"], ["79566.8", "0.002"], ["79481.4", "0.001"], ["79430.8", "0.001"], ["79415.7", "0.001"], ["79392.1", "0.004"], ["79376", "0.001"], ["79335.9", "0.002"], ["79288.2", "0.002"], ["79262.5", "0.001"], ["79255.3", "0.001"], ["79199.9", "0.015"], ["79036.7", "0.001"], ["79026.6", "0.001"], ["79013.5", "0.001"], ["78910.7", "0.001"], ["78877", "0.001"], ["78839.6", "0.015"], ["78729.1", "0.001"], ["78720", "0.001"], ["78719.2", "0.003"], ["78626.8", "0.001"], ["78623", "0.001"], ["78596.9", "0.002"], ["78569.4", "0.001"], ["78545.4", "0.001"], ["78490.8", "20"], ["78484.3", "0.002"], ["78483.3", "0.001"], ["78414.4", "0.001"], ["78295.9", "0.001"], ["78191.2", "0.001"], ["78065", "0.001"], ["78064", "0.001"], ["78024.1", "0.001"], ["77941.9", "0.001"], ["77910", "0.029"], ["77873.6", "0.008"], ["77870.1", "0.08"], ["77831.7", "0.006"], ["77772.1", "0.001"], ["77676.4", "0.01"], ["77666.6", "0.015"], ["77580.4", "0.068"], ["77550.9", "0.001"], ["77408", "0.001"], ["77401.7", "0.002"], ["77397.7", "0.001"], ["77345.8", "0.001"], ["77341.2", "0.002"], ["77328.1", "0.001"], ["77318.4", "20"], ["77220.7", "0.007"], ["77181.4", "0.001"], ["77154", "0.001"], ["77137.5", "0.001"], ["77115.2", "0.001"], ["77006.5", "0.01"], ["77000", "0.002"], ["76973.7", "0.039"], ["76962.3", "0.001"], ["76951.5", "0.001"], ["76936.1", "0.012"], ["76917.5", "0.001"], ["76888.9", "0.001"], ["76796.8", "0.001"], ["76752", "0.001"], ["76647.4", "0.015"], ["76629.7", "0.002"], ["76618.5", "0.001"], ["76500.3", "0.001"], ["76396.7", "0.001"], ["76364", "0.001"], ["76363.8", "0.003"], ["76341.1", "0.004"], ["76336.6", "0.01"], ["76319.2", "0.002"], ["76265.5", "0.001"], ["76250.8", "0.001"], ["76203.3", "0.003"], ["76176.9", "0.001"], ["76145.9", "20"], ["76133.3", "0.015"], ["76096", "0.001"], ["76062.9", "0.001"], ["75922.2", "0.012"], ["75886.1", "0.001"]], "a": [["84925.1", "948.503"], ["84974.3", "0.001"], ["85029.1", "0.002"], ["85428.9", "0.001"], ["85500", "0.009"], ["85800.3", "0.001"], ["85814.3", "0.001"], ["85916.3", "0.001"], ["85936", "0.001"], ["85942.2", "0.001"], ["86000", "0.009"], ["86003.8", "0.001"], ["86062.1", "0.002"], ["86199.7", "0.001"], ["86318.5", "0.001"], ["86348", "0.029"], ["86500", "0.009"], ["86585.1", "0.001"], ["86592", "0.001"], ["86645.8", "0.001"], ["86866.6", "0.015"], ["86867.5", "0.001"], ["86874.6", "0.001"], ["86890.5", "0.001"], ["86970.5", "0.001"], ["87000", "0.009"], ["87127.1", "0.001"], ["87144.6", "0.002"], ["87173.2", "0.001"], ["87248", "0.001"], ["87314.5", "0.002"], ["87355.9", "0.001"], ["87491.3", "0.001"], ["87500", "0.009"], ["87608.3", "0.015"], ["87686.9", "0.029"], ["87741.3", "0.001"], ["87777.1", "0.001"], ["87807", "0.001"], ["87818.7", "0.001"], ["87904", "0.001"], ["88000", "0.009"], ["88027.8", "0.001"], ["88126.7", "0.001"], ["88227.2", "0.002"], ["88336.7", "0.001"], ["88342.7", "0.001"], ["88399.9", "0.015"], ["88500", "0.009"], ["88512.1", "0.001"], ["88521.9", "0.094"], ["88522", "0.099"], ["88522.1", "0.105"], ["88522.2", "0.098"], ["88522.3", "0.089"], ["88522.4", "0.102"], ["88522.5", "0.088"], ["88522.6", "0.095"], ["88560", "0.001"], ["88579.2", "0.001"], ["88652.3", "0.135"], ["88652.4", "0.163"], ["88652.5", "0.135"], ["88652.6", "0.145"], ["88652.7", "0.13"], ["88652.8", "0.132"], ["88652.9", "0.13"], ["88653", "0.164"], ["88663.8", "0.001"], ["88691.2", "0.053"], ["88691.3", "0.054"], ["88691.4", "0.038"], ["88691.5", "0.036"], ["88691.6", "0.041"], ["88691.7", "0.054"], ["88691.8", "0.051"], ["88691.9", "0.047"], ["88725.4", "0.001"], ["88739.4", "0.001"], ["88770", "0.001"], ["88882.4", "0.001"], ["88884.9", "0.008"], ["88897.5", "0.001"], ["89000", "0.011"], ["89025.9", "0.029"], ["89182.2", "0.001"], ["89216", "0.001"], ["89282.9", "0.001"], ["89309.1", "0.002"], ["89309.7", "0.002"], ["89404", "0.001"], ["89500", "0.009"], ["89550.4", "0.001"], ["89668.3", "0.001"], ["89671.7", "0.001"], ["89721.2", "0.001"], ["89737.1", "0.001"], ["89800.5", "0.015"], ["89872", "0.001"], ["89933.3", "0.015"], ["90000", "0.009"], ["90027.6", "0.001"], ["90031.3", "0.001"], ["90053.7", "0.001"], ["90133.4", "0.002"], ["90266.7", "0.002"], ["90364.9", "0.029"], ["90377", "0.002"], ["90392.3", "0.002"], ["90400", "0.002"], ["90437", "0.001"], ["90439.1", "0.001"], ["90500", "0.009"], ["90528", "0.001"], ["90533.4", "0.002"], ["90591.7", "0.001"], ["90604.1", "0.001"], ["90666.7", "0.002"], ["90672.4", "0.001"], ["90800", "0.002"], ["90824.5", "0.001"], ["90873.1", "0.001"], ["90933.4", "0.002"], ["91000", "0.009"], ["91016.6", "0.08"], ["91066.7", "0.002"], ["91184", "0.001"], ["91200", "0.002"], ["91209.9", "0.001"], ["91214.1", "0.001"], ["91303.8", "0.002"], ["91323.7", "0.001"], ["91333.4", "0.002"], ["91446.4", "0.001"], ["91466.6", "0.015"], ["91466.7", "0.002"], ["91474.8", "0.002"], ["91483.4", "0.001"], ["91500", "0.009"], ["91536.5", "0.001"], ["91595.3", "0.001"], ["91600", "0.002"], ["91623.7", "0.001"], ["91637.7", "0.008"], ["91691.6", "0.001"], ["91696.4", "0.001"], ["91703.9", "0.029"], ["91718.5", "0.001"], ["91733.4", "0.002"], ["91840", "0.001"], ["91866.7", "0.002"], ["91962.7", "0.001"], ["91980.8", "0.001"], ["91992.7", "0.015"], ["92000", "0.013"], ["92133.4", "0.002"], ["92210.3", "0.001"], ["92266.7", "0.002"], ["92301", "0.001"], ["92366.2", "0.001"], ["92377.2", "0.001"], ["92400", "0.002"], ["92457.4", "0.001"], ["92468.8", "0.001"], ["92470.4", "0.002"], ["92491.3", "0.001"], ["92496", "0.001"], ["92500", "0.009"], ["92533.4", "0.002"], ["92557.4", "0.002"], ["92564", "0.001"], ["92574.9", "0.001"], ["92666.7", "0.002"], ["92751.6", "0.001"], ["92800", "0.002"], ["92933.4", "0.002"], ["92935.6", "0.001"], ["93000", "0.024"], ["93042.8", "0.029"], ["93066.7", "0.002"], ["93096.9", "0.001"], ["93137", "0.001"], ["93152", "0.001"], ["93155.6", "0.001"], ["93200", "0.002"], ["93254", "0.001"], ["93254.2", "0.001"], ["93298.4", "0.002"], ["93333.4", "0.002"], ["93401.2", "0.001"], ["93409.5", "0.001"], ["93466.7", "0.002"], ["93500", "0.009"], ["93522.4", "0.001"], ["93526.1", "0.001"], ["93600", "0.002"], ["93639.9", "0.002"], ["93727.2", "0.001"], ["93733.4", "0.002"], ["93794.5", "0.001"]], "ts": 1752417680692, "u": 380416, "seq": 9491714708, "cts": 1752417680609}
